Automatically generated by Mendeley Desktop 1.13.8
Any changes to this file will be lost if it is regenerated by Mendeley.

BibTeX export options can be customized via Options -> BibTeX in Mendeley Desktop

@article{Basu1997,
author = {Basu, Sudipta},
file = {:C$\backslash$:/Users/penarome/AppData/Local/Mendeley Ltd./Mendeley Desktop/Downloaded/Basu - 1997 - The conservatism principle and the asymmetric timeliness of earnings sup 1sup.pdf:pdf},
journal = {Journal of Accounting and Economics},
number = {1},
pages = {3--37},
title = {{The conservatism principle and the asymmetric timeliness of earnings}},
volume = {24},
year = {1997}
}
