Automatically generated by Mendeley Desktop 1.13.8
Any changes to this file will be lost if it is regenerated by Mendeley.

BibTeX export options can be customized via Options -> BibTeX in Mendeley Desktop

@article{Hanlon2010,
author = {Hanlon, Michelle and Heitzman, Shane},
doi = {10.1016/j.jacceco.2010.09.002},
file = {:C$\backslash$:/Users/penarome/AppData/Local/Mendeley Ltd./Mendeley Desktop/Downloaded/Hanlon, Heitzman - 2010 - A review of tax research.pdf:pdf},
issn = {01654101},
journal = {Journal of Accounting and Economics},
keywords = {Corporate decision-making,Earnings quality,Governance,Investment,Tax,Tax avoidance},
month = dec,
number = {2-3},
pages = {127--178},
publisher = {Elsevier},
title = {{A review of tax research}},
url = {http://linkinghub.elsevier.com/retrieve/pii/S0165410110000340},
volume = {50},
year = {2010}
}
