Automatically generated by Mendeley Desktop 1.13.8
Any changes to this file will be lost if it is regenerated by Mendeley.

BibTeX export options can be customized via Options -> BibTeX in Mendeley Desktop

@article{Thompson2011,
author = {Thompson, Samuel B.},
doi = {10.1016/j.jfineco.2010.08.016},
file = {:C$\backslash$:/Users/penarome/AppData/Local/Mendeley Ltd./Mendeley Desktop/Downloaded/Thompson - 2011 - Simple formulas for standard errors that cluster by both firm and time.pdf:pdf},
issn = {0304405X},
journal = {Journal of Financial Economics},
keywords = {Finance panel data,Panel data,cluster standard errors},
month = jan,
number = {1},
pages = {1--10},
publisher = {Elsevier},
title = {{Simple formulas for standard errors that cluster by both firm and time}},
url = {http://linkinghub.elsevier.com/retrieve/pii/S0304405X10001923},
volume = {99},
year = {2011}
}
