Automatically generated by Mendeley Desktop 1.13.8
Any changes to this file will be lost if it is regenerated by Mendeley.

BibTeX export options can be customized via Options -> BibTeX in Mendeley Desktop

@article{Armstrong2010b,
author = {Armstrong, Christopher S. and Jagolinzer, Alan D. and Larcker, David F.},
doi = {10.1111/j.1475-679X.2009.00361.x},
file = {:C$\backslash$:/Users/penarome/AppData/Local/Mendeley Ltd./Mendeley Desktop/Downloaded/Armstrong, Jagolinzer, Larcker - 2010 - Chief Executive Officer Equity Incentives and Accounting Irregularities.pdf:pdf},
issn = {00218456},
journal = {Journal of Accounting Research},
month = may,
number = {2},
pages = {225--271},
title = {{Chief Executive Officer Equity Incentives and Accounting Irregularities}},
url = {http://doi.wiley.com/10.1111/j.1475-679X.2009.00361.x},
volume = {48},
year = {2010}
}
@article{DeFond2003,
author = {DeFond, Mark L. and Hung, Mingyi},
doi = {10.1016/S0165-4101(02)00098-8},
file = {:C$\backslash$:/Users/penarome/AppData/Local/Mendeley Ltd./Mendeley Desktop/Downloaded/DeFond, Hung - 2003 - An empirical analysis of analysts’ cash flow forecasts.pdf:pdf},
issn = {01654101},
journal = {Journal of Accounting and Economics},
keywords = {analysts,cash flow,earnings,forecast,usefulness},
month = apr,
number = {1},
pages = {73--100},
title = {{An empirical analysis of analysts’ cash flow forecasts}},
url = {http://linkinghub.elsevier.com/retrieve/pii/S0165410102000988},
volume = {35},
year = {2003}
}
@article{Chen2011a,
author = {Chen, Ting and Martin, Xiumin},
doi = {10.1111/j.1475-679X.2011.00399.x},
file = {:C$\backslash$:/Users/penarome/AppData/Local/Mendeley Ltd./Mendeley Desktop/Downloaded/Chen, Martin - 2011 - Do Bank-Affiliated Analysts Benefit from Lending Relationships.pdf:pdf},
issn = {00218456},
journal = {Journal of Accounting Research},
month = jun,
number = {3},
pages = {633--675},
title = {{Do Bank-Affiliated Analysts Benefit from Lending Relationships?}},
url = {http://doi.wiley.com/10.1111/j.1475-679X.2011.00399.x},
volume = {49},
year = {2011}
}
@article{Colonnello2013,
author = {Colonnello, Stefano},
file = {:C$\backslash$:/Users/penarome/AppData/Local/Mendeley Ltd./Mendeley Desktop/Downloaded/Colonnello - 2013 - Corporate Governance and Debt Monitoring The Role of Credit Default Swaps.pdf:pdf},
journal = {Working paper},
keywords = {board of directors,corporate governance,credit default swaps,monitor-},
title = {{Corporate Governance and Debt Monitoring : The Role of Credit Default Swaps}},
year = {2013}
}
@article{Thompson2011,
author = {Thompson, Samuel B.},
doi = {10.1016/j.jfineco.2010.08.016},
file = {:C$\backslash$:/Users/penarome/AppData/Local/Mendeley Ltd./Mendeley Desktop/Downloaded/Thompson - 2011 - Simple formulas for standard errors that cluster by both firm and time.pdf:pdf},
issn = {0304405X},
journal = {Journal of Financial Economics},
keywords = {Finance panel data,Panel data,cluster standard errors},
month = jan,
number = {1},
pages = {1--10},
publisher = {Elsevier},
title = {{Simple formulas for standard errors that cluster by both firm and time}},
url = {http://linkinghub.elsevier.com/retrieve/pii/S0304405X10001923},
volume = {99},
year = {2011}
}
@article{Lennox2012,
author = {Lennox, Clive S. and Francis, Jere R. and Wang, Zitian},
doi = {10.2308/accr-10195},
file = {:C$\backslash$:/Users/penarome/AppData/Local/Mendeley Ltd./Mendeley Desktop/Downloaded/Lennox, Francis, Wang - 2012 - Selection Models in Accounting Research.pdf:pdf},
issn = {0001-4826},
journal = {The Accounting Review},
keywords = {endogeneity,heckman,selection bias,selection model,treatment effect},
month = mar,
number = {2},
pages = {589--616},
title = {{Selection Models in Accounting Research}},
url = {http://aaajournals.org/doi/abs/10.2308/accr-10195},
volume = {87},
year = {2012}
}
