Automatically generated by Mendeley Desktop 1.13.8
Any changes to this file will be lost if it is regenerated by Mendeley.

BibTeX export options can be customized via Options -> BibTeX in Mendeley Desktop

@article{Brambor2005,
author = {Brambor, T.},
doi = {10.1093/pan/mpi014},
file = {:C$\backslash$:/Users/penarome/AppData/Local/Mendeley Ltd./Mendeley Desktop/Downloaded/Brambor - 2005 - Understanding Interaction Models Improving Empirical Analyses.pdf:pdf},
issn = {1047-1987},
journal = {Political Analysis},
month = may,
number = {1},
pages = {63--82},
title = {{Understanding Interaction Models: Improving Empirical Analyses}},
url = {http://pan.oxfordjournals.org/cgi/doi/10.1093/pan/mpi014},
volume = {14},
year = {2005}
}
