Automatically generated by Mendeley Desktop 1.13.8
Any changes to this file will be lost if it is regenerated by Mendeley.

BibTeX export options can be customized via Options -> BibTeX in Mendeley Desktop

@article{Beatty2012a,
author = {Beatty, Anne and Liao, Scott and Weber, Joseph},
doi = {10.1016/j.jacceco.2011.12.002},
file = {:C$\backslash$:/Users/penarome/AppData/Local/Mendeley Ltd./Mendeley Desktop/Downloaded/Beatty, Liao, Weber - 2012 - Evidence on the determinants and economic consequences of delegated monitoring.pdf:pdf},
issn = {01654101},
journal = {Journal of Accounting and Economics},
keywords = {Accounting quality,Contracting,Covenants,Debt,Monitoring},
month = jun,
number = {3},
pages = {555--576},
publisher = {Elsevier},
title = {{Evidence on the determinants and economic consequences of delegated monitoring}},
url = {http://linkinghub.elsevier.com/retrieve/pii/S0165410111000978},
volume = {53},
year = {2012}
}
@article{Armstrong2012a,
author = {Armstrong, Christopher S. and Balakrishnan, Karthik and Cohen, Daniel},
doi = {10.1016/j.jacceco.2011.06.005},
file = {:C$\backslash$:/Users/penarome/AppData/Local/Mendeley Ltd./Mendeley Desktop/Downloaded/Armstrong, Balakrishnan, Cohen - 2012 - Corporate governance and the information environment Evidence from state antitakeover laws.pdf:pdf},
issn = {01654101},
journal = {Journal of Accounting and Economics},
keywords = {Antitakeover laws,Corporate governance,Financial reporting quality,Information asymmetry},
month = feb,
number = {1-2},
pages = {185--204},
publisher = {Elsevier},
title = {{Corporate governance and the information environment: Evidence from state antitakeover laws}},
url = {http://linkinghub.elsevier.com/retrieve/pii/S0165410111000528},
volume = {53},
year = {2012}
}
