Automatically generated by Mendeley Desktop 1.13.8
Any changes to this file will be lost if it is regenerated by Mendeley.

BibTeX export options can be customized via Options -> BibTeX in Mendeley Desktop

@article{Atwood2010,
author = {Atwood, T.J. and Drake, Michael S. and Myers, Linda a.},
doi = {10.1016/j.jacceco.2009.11.001},
file = {:C$\backslash$:/Users/penarome/AppData/Local/Mendeley Ltd./Mendeley Desktop/Downloaded/Atwood, Drake, Myers - 2010 - Book-tax conformity, earnings persistence and the association between earnings and future cash flows.pdf:pdf},
issn = {01654101},
journal = {Journal of Accounting and Economics},
keywords = {Book-tax conformity,Book-tax differences,Earnings persistence,Future cash flows,Usefulness of earnings},
month = may,
number = {1},
pages = {111--125},
publisher = {Elsevier},
title = {{Book-tax conformity, earnings persistence and the association between earnings and future cash flows}},
url = {http://linkinghub.elsevier.com/retrieve/pii/S0165410109000688},
volume = {50},
year = {2010}
}
@article{Akins2010,
author = {Akins, Brian and Baber, William},
doi = {10.1016/S0165-4101(10)00015-7},
file = {:C$\backslash$:/Users/penarome/AppData/Local/Mendeley Ltd./Mendeley Desktop/Downloaded/Akins, Baber - 2010 - Acknowledgement.pdf:pdf},
issn = {01654101},
journal = {Journal of Accounting and Economics},
month = apr,
number = {3},
pages = {281--286},
title = {{Acknowledgement}},
url = {http://linkinghub.elsevier.com/retrieve/pii/S0165410110000157},
volume = {49},
year = {2010}
}
@article{Dey2010,
author = {Dey, Aiyesha},
doi = {10.1016/j.jacceco.2009.06.003},
file = {:C$\backslash$:/Users/penarome/AppData/Local/Mendeley Ltd./Mendeley Desktop/Downloaded/Dey - 2010 - The chilling effect of Sarbanes–Oxley A discussion of Sarbanes–Oxley and corporate risk-taking.pdf:pdf},
issn = {01654101},
journal = {Journal of Accounting and Economics},
keywords = {Corporate risk-taking,Risky investments,Sarbanes–Oxley},
month = feb,
number = {1-2},
pages = {53--57},
publisher = {Elsevier},
title = {{The chilling effect of Sarbanes–Oxley: A discussion of Sarbanes–Oxley and corporate risk-taking}},
url = {http://linkinghub.elsevier.com/retrieve/pii/S0165410109000330},
volume = {49},
year = {2010}
}
@article{Cadman2010,
author = {Cadman, Brian and Carter, Mary Ellen and Hillegeist, Stephen},
doi = {10.1016/j.jacceco.2009.03.002},
file = {:C$\backslash$:/Users/penarome/AppData/Local/Mendeley Ltd./Mendeley Desktop/Downloaded/Cadman, Carter, Hillegeist - 2010 - The incentives of compensation consultants and CEO pay.pdf:pdf},
issn = {01654101},
journal = {Journal of Accounting and Economics},
keywords = {Corporate advisors,compensation consultants,executive compensation},
month = apr,
number = {3},
pages = {263--280},
publisher = {Elsevier},
title = {{The incentives of compensation consultants and CEO pay}},
url = {http://linkinghub.elsevier.com/retrieve/pii/S0165410109000147},
volume = {49},
year = {2010}
}
@article{Rogers2009,
author = {Rogers, Jonathan L. and {Van Buskirk}, Andrew},
doi = {10.1016/j.jacceco.2008.04.003},
file = {:C$\backslash$:/Users/penarome/AppData/Local/Mendeley Ltd./Mendeley Desktop/Downloaded/Rogers, Van Buskirk - 2009 - Shareholder litigation and changes in disclosure behavior.pdf:pdf},
issn = {01654101},
journal = {Journal of Accounting and Economics},
month = mar,
number = {1-2},
pages = {136--156},
title = {{Shareholder litigation and changes in disclosure behavior}},
url = {http://linkinghub.elsevier.com/retrieve/pii/S0165410108000219},
volume = {47},
year = {2009}
}
@article{Mohanram2009,
author = {Mohanram, Partha and Rajgopal, Shiva},
doi = {10.1016/j.jacceco.2008.10.001},
file = {:C$\backslash$:/Users/penarome/AppData/Local/Mendeley Ltd./Mendeley Desktop/Downloaded/Mohanram, Rajgopal - 2009 - Is PIN priced risk.pdf:pdf},
issn = {01654101},
journal = {Journal of Accounting and Economics},
keywords = {Information risk,PIN,Risk},
month = jun,
number = {3},
pages = {226--243},
publisher = {Elsevier},
title = {{Is PIN priced risk?}},
url = {http://linkinghub.elsevier.com/retrieve/pii/S016541010800058X},
volume = {47},
year = {2009}
}
@article{Wu2009,
author = {Wu, Joanna Shuang and Zang, Amy Y.},
doi = {10.1016/j.jacceco.2008.11.002},
file = {:C$\backslash$:/Users/penarome/AppData/Local/Mendeley Ltd./Mendeley Desktop/Downloaded/Wu, Zang - 2009 - What determine financial analysts’ career outcomes during mergers.pdf:pdf},
issn = {01654101},
journal = {Journal of Accounting and Economics},
month = mar,
number = {1-2},
pages = {59--86},
title = {{What determine financial analysts’ career outcomes during mergers?}},
url = {http://linkinghub.elsevier.com/retrieve/pii/S0165410108000748},
volume = {47},
year = {2009}
}
@article{Dechow2010a,
author = {Dechow, Patricia and Ge, Weili and Schrand, Catherine},
doi = {10.1016/j.jacceco.2010.09.001},
file = {:C$\backslash$:/Users/penarome/AppData/Local/Mendeley Ltd./Mendeley Desktop/Downloaded/Dechow, Ge, Schrand - 2010 - Understanding earnings quality A review of the proxies, their determinants and their consequences.pdf:pdf},
issn = {01654101},
journal = {Journal of Accounting and Economics},
keywords = {Earnings management,Earnings quality,Review,Survey},
month = dec,
number = {2-3},
pages = {344--401},
publisher = {Elsevier},
title = {{Understanding earnings quality: A review of the proxies, their determinants and their consequences}},
url = {http://linkinghub.elsevier.com/retrieve/pii/S0165410110000339},
volume = {50},
year = {2010}
}
@article{Kallunki2009,
author = {Kallunki, Juha-Pekka and Nilsson, Henrik and Hellstr\"{o}m, J\"{o}rgen},
doi = {10.1016/j.jacceco.2009.06.002},
file = {:C$\backslash$:/Users/penarome/AppData/Local/Mendeley Ltd./Mendeley Desktop/Downloaded/Kallunki, Nilsson, Hellstr\"{o}m - 2009 - Why do insiders trade Evidence based on unique data on Swedish insiders.pdf:pdf},
issn = {01654101},
journal = {Journal of Accounting and Economics},
month = oct,
number = {1},
pages = {37--53},
title = {{Why do insiders trade? Evidence based on unique data on Swedish insiders}},
url = {http://linkinghub.elsevier.com/retrieve/pii/S0165410109000329},
volume = {48},
year = {2009}
}
@article{Cohen2010,
author = {Cohen, Daniel a. and Zarowin, Paul},
doi = {10.1016/j.jacceco.2010.01.002},
file = {:C$\backslash$:/Users/penarome/AppData/Local/Mendeley Ltd./Mendeley Desktop/Downloaded/Cohen, Zarowin - 2010 - Accrual-based and real earnings management activities around seasoned equity offerings.pdf:pdf},
issn = {01654101},
journal = {Journal of Accounting and Economics},
keywords = {Accounting Accruals,Accounting choices,Earnings management,Real activities,seasoned equity offerings},
month = may,
number = {1},
pages = {2--19},
publisher = {Elsevier},
title = {{Accrual-based and real earnings management activities around seasoned equity offerings}},
url = {http://linkinghub.elsevier.com/retrieve/pii/S0165410110000054},
volume = {50},
year = {2010}
}
@article{Bargeron2010,
author = {Bargeron, Leonce L. and Lehn, Kenneth M. and Zutter, Chad J.},
doi = {10.1016/j.jacceco.2009.05.001},
file = {:C$\backslash$:/Users/penarome/AppData/Local/Mendeley Ltd./Mendeley Desktop/Downloaded/Bargeron, Lehn, Zutter - 2010 - Sarbanes-Oxley and corporate risk-taking.pdf:pdf},
issn = {01654101},
journal = {Journal of Accounting and Economics},
keywords = {Corporate risk-taking,Investment policy,Legislative policy,Sarbanes-Oxley},
month = feb,
number = {1-2},
pages = {34--52},
publisher = {Elsevier},
title = {{Sarbanes-Oxley and corporate risk-taking}},
url = {http://linkinghub.elsevier.com/retrieve/pii/S0165410109000305},
volume = {49},
year = {2010}
}
@article{Guedhami2009,
author = {Guedhami, Omrane and Pittman, Jeffrey a. and Saffar, Walid},
doi = {10.1016/j.jacceco.2009.08.003},
file = {:C$\backslash$:/Users/penarome/AppData/Local/Mendeley Ltd./Mendeley Desktop/Downloaded/Guedhami, Pittman, Saffar - 2009 - Auditor choice in privatized firms Empirical evidence on the role of state and foreign owners.pdf:pdf},
issn = {01654101},
journal = {Journal of Accounting and Economics},
keywords = {Auditor choice,Corporate governance,Disclosure,Privatization},
month = dec,
number = {2-3},
pages = {151--171},
publisher = {Elsevier},
title = {{Auditor choice in privatized firms: Empirical evidence on the role of state and foreign owners}},
url = {http://linkinghub.elsevier.com/retrieve/pii/S0165410109000457},
volume = {48},
year = {2009}
}
@article{Chen2010,
author = {Chen, Xia and Cheng, Qiang and Lo, Kin},
doi = {10.1016/j.jacceco.2009.12.004},
file = {:C$\backslash$:/Users/penarome/AppData/Local/Mendeley Ltd./Mendeley Desktop/Downloaded/Chen, Cheng, Lo - 2010 - On the relationship between analyst reports and corporate disclosures Exploring the roles of information discov.pdf:pdf},
issn = {01654101},
journal = {Journal of Accounting and Economics},
keywords = {Analyst research,Earnings announcements,Information content,Information discovery},
month = apr,
number = {3},
pages = {206--226},
publisher = {Elsevier},
title = {{On the relationship between analyst reports and corporate disclosures: Exploring the roles of information discovery and interpretation}},
url = {http://linkinghub.elsevier.com/retrieve/pii/S0165410109000834},
volume = {49},
year = {2010}
}
@article{DeFond2010,
author = {DeFond, Mark L.},
doi = {10.1016/j.jacceco.2009.04.003},
file = {:C$\backslash$:/Users/penarome/AppData/Local/Mendeley Ltd./Mendeley Desktop/Downloaded/DeFond - 2010 - How should the auditors be audited Comparing the PCAOB Inspections with the AICPA Peer Reviews.pdf:pdf},
issn = {01654101},
journal = {Journal of Accounting and Economics},
keywords = {Auditors,PCAOB,Peer Reviews,Regulation,Sarbanes-Oxley},
month = feb,
number = {1-2},
pages = {104--108},
publisher = {Elsevier},
title = {{How should the auditors be audited? Comparing the PCAOB Inspections with the AICPA Peer Reviews}},
url = {http://linkinghub.elsevier.com/retrieve/pii/S0165410109000275},
volume = {49},
year = {2010}
}
@article{Dichev2009,
author = {Dichev, Ilia D. and Tang, Vicki Wei},
doi = {10.1016/j.jacceco.2008.09.005},
file = {:C$\backslash$:/Users/penarome/AppData/Local/Mendeley Ltd./Mendeley Desktop/Downloaded/Dichev, Tang - 2009 - Earnings volatility and earnings predictability.pdf:pdf},
issn = {01654101},
journal = {Journal of Accounting and Economics},
keywords = {earnings persistence},
month = mar,
number = {1-2},
pages = {160--181},
title = {{Earnings volatility and earnings predictability}},
url = {http://linkinghub.elsevier.com/retrieve/pii/S0165410108000578},
volume = {47},
year = {2009}
}
@article{Lennox2010,
author = {Lennox, Clive and Pittman, Jeffrey},
doi = {10.1016/j.jacceco.2009.04.002},
file = {:C$\backslash$:/Users/penarome/AppData/Local/Mendeley Ltd./Mendeley Desktop/Downloaded/Lennox, Pittman - 2010 - Auditing the auditors Evidence on the recent reforms to the external monitoring of audit firms.pdf:pdf},
issn = {01654101},
journal = {Journal of Accounting and Economics},
keywords = {PCAOB,Regulation,Sarbanes–Oxley act},
month = feb,
number = {1-2},
pages = {84--103},
publisher = {Elsevier},
title = {{Auditing the auditors: Evidence on the recent reforms to the external monitoring of audit firms}},
url = {http://linkinghub.elsevier.com/retrieve/pii/S0165410109000160},
volume = {49},
year = {2010}
}
@article{Aboody2010,
author = {Aboody, David and Johnson, Nicole Bastian and Kasznik, Ron},
doi = {10.1016/j.jacceco.2009.12.003},
file = {:C$\backslash$:/Users/penarome/AppData/Local/Mendeley Ltd./Mendeley Desktop/Downloaded/Aboody, Johnson, Kasznik - 2010 - Employee stock options and future firm performance Evidence from option repricings.pdf:pdf},
issn = {01654101},
journal = {Journal of Accounting and Economics},
keywords = {Firm performance,Option repricing,employee stock options},
month = may,
number = {1},
pages = {74--92},
publisher = {Elsevier},
title = {{Employee stock options and future firm performance: Evidence from option repricings}},
url = {http://linkinghub.elsevier.com/retrieve/pii/S0165410109000822},
volume = {50},
year = {2010}
}
@article{Altamuro2010,
author = {Altamuro, Jennifer and Beatty, Anne},
doi = {10.1016/j.jacceco.2009.07.002},
file = {:C$\backslash$:/Users/penarome/AppData/Local/Mendeley Ltd./Mendeley Desktop/Downloaded/Altamuro, Beatty - 2010 - How does internal control regulation affect financial reporting.pdf:pdf},
issn = {01654101},
journal = {Journal of Accounting and Economics},
keywords = {FDICIA,Financial reporting quality,Internal controls,Loan-loss provision,Reporting discretion},
month = feb,
number = {1-2},
pages = {58--74},
publisher = {Elsevier},
title = {{How does internal control regulation affect financial reporting?}},
url = {http://linkinghub.elsevier.com/retrieve/pii/S0165410109000354},
volume = {49},
year = {2010}
}
@article{Francis2010,
author = {Francis, Jere R. and Martin, Xiumin},
doi = {10.1016/j.jacceco.2009.09.003},
file = {:C$\backslash$:/Users/penarome/AppData/Local/Mendeley Ltd./Mendeley Desktop/Downloaded/Francis, Martin - 2010 - Acquisition profitability and timely loss recognition.pdf:pdf},
issn = {01654101},
journal = {Journal of Accounting and Economics},
keywords = {Accounting conservatism,Acquisitions,Agency costs,Corporate governance,Divestitures,timely loss recognition},
month = feb,
number = {1-2},
pages = {161--178},
publisher = {Elsevier},
title = {{Acquisition profitability and timely loss recognition}},
url = {http://linkinghub.elsevier.com/retrieve/pii/S0165410109000482},
volume = {49},
year = {2010}
}
@article{Abarbanell2009,
author = {Abarbanell, Jeffrey S and Akins, Brian and Ashbaugh-skaife, Hollis and Beatty, Anne},
doi = {10.1016/S0165-4101(09)00022-6},
file = {:C$\backslash$:/Users/penarome/AppData/Local/Mendeley Ltd./Mendeley Desktop/Downloaded/Abarbanell et al. - 2009 - Acknowledgement.pdf:pdf},
issn = {01654101},
journal = {Journal of Accounting and Economics},
month = jun,
number = {3},
pages = {288--293},
title = {{Acknowledgement}},
url = {http://linkinghub.elsevier.com/retrieve/pii/S0165410109000226},
volume = {47},
year = {2009}
}
@article{Richardson2010,
author = {Richardson, Scott and Tuna, İrem and Wysocki, Peter},
doi = {10.1016/j.jacceco.2010.09.008},
file = {:C$\backslash$:/Users/penarome/AppData/Local/Mendeley Ltd./Mendeley Desktop/Downloaded/Richardson, Tuna, Wysocki - 2010 - Accounting anomalies and fundamental analysis A review of recent research advances.pdf:pdf},
issn = {01654101},
journal = {Journal of Accounting and Economics},
month = dec,
number = {2-3},
pages = {410--454},
title = {{Accounting anomalies and fundamental analysis: A review of recent research advances}},
url = {http://linkinghub.elsevier.com/retrieve/pii/S0165410110000406},
volume = {50},
year = {2010}
}
@article{Cheng2009,
author = {Cheng, Mei and Neamtiu, Monica},
doi = {10.1016/j.jacceco.2008.11.001},
file = {:C$\backslash$:/Users/penarome/AppData/Local/Mendeley Ltd./Mendeley Desktop/Downloaded/Cheng, Neamtiu - 2009 - An empirical analysis of changes in credit rating properties Timeliness, accuracy and volatility.pdf:pdf},
issn = {01654101},
journal = {Journal of Accounting and Economics},
month = mar,
number = {1-2},
pages = {108--130},
title = {{An empirical analysis of changes in credit rating properties: Timeliness, accuracy and volatility}},
url = {http://linkinghub.elsevier.com/retrieve/pii/S0165410108000736},
volume = {47},
year = {2009}
}
@article{Armstrong2009,
author = {Armstrong, Christopher S. and Larcker, David F.},
doi = {10.1016/j.jacceco.2008.11.005},
file = {:C$\backslash$:/Users/penarome/AppData/Local/Mendeley Ltd./Mendeley Desktop/Downloaded/Armstrong, Larcker - 2009 - Discussion of “The impact of the options backdating scandal on shareholders” and “Taxes and the backdating o.pdf:pdf},
issn = {01654101},
journal = {Journal of Accounting and Economics},
month = mar,
number = {1-2},
pages = {50--58},
title = {{Discussion of “The impact of the options backdating scandal on shareholders” and “Taxes and the backdating of stock option exercise dates”}},
url = {http://linkinghub.elsevier.com/retrieve/pii/S0165410108000761},
volume = {47},
year = {2009}
}
@article{Heitzman2010,
author = {Heitzman, Shane and Wasley, Charles and Zimmerman, Jerold},
doi = {10.1016/j.jacceco.2009.10.002},
file = {:C$\backslash$:/Users/penarome/AppData/Local/Mendeley Ltd./Mendeley Desktop/Downloaded/Heitzman, Wasley, Zimmerman - 2010 - The joint effects of materiality thresholds and voluntary disclosure incentives on firms’ disclosur.pdf:pdf},
issn = {01654101},
journal = {Journal of Accounting and Economics},
keywords = {Advertising,Disclosure,Materiality,Partial observability model,Voluntary disclosure},
month = feb,
number = {1-2},
pages = {109--132},
publisher = {Elsevier},
title = {{The joint effects of materiality thresholds and voluntary disclosure incentives on firms’ disclosure decisions}},
url = {http://linkinghub.elsevier.com/retrieve/pii/S016541010900055X},
volume = {49},
year = {2010}
}
@article{Bernile2009,
author = {Bernile, Gennaro and Jarrell, Gregg a.},
doi = {10.1016/j.jacceco.2008.11.004},
file = {:C$\backslash$:/Users/penarome/AppData/Local/Mendeley Ltd./Mendeley Desktop/Downloaded/Bernile, Jarrell - 2009 - The impact of the options backdating scandal on shareholders.pdf:pdf},
issn = {01654101},
journal = {Journal of Accounting and Economics},
month = mar,
number = {1-2},
pages = {2--26},
title = {{The impact of the options backdating scandal on shareholders}},
url = {http://linkinghub.elsevier.com/retrieve/pii/S016541010800075X},
volume = {47},
year = {2009}
}
@article{Healy2009,
author = {Healy, Paul M.},
doi = {10.1016/j.jacceco.2008.12.001},
file = {:C$\backslash$:/Users/penarome/AppData/Local/Mendeley Ltd./Mendeley Desktop/Downloaded/Healy - 2009 - Discussion of “What Determines Financial Analysts’ Career Outcomes During Mergers”.pdf:pdf},
issn = {01654101},
journal = {Journal of Accounting and Economics},
month = mar,
number = {1-2},
pages = {87--90},
title = {{Discussion of “What Determines Financial Analysts’ Career Outcomes During Mergers?”}},
url = {http://linkinghub.elsevier.com/retrieve/pii/S0165410108000815},
volume = {47},
year = {2009}
}
@article{Akins2009,
author = {Akins, Brian and Baber, William and Beatty, Anne},
doi = {10.1016/S0165-4101(09)00061-5},
file = {:C$\backslash$:/Users/penarome/AppData/Local/Mendeley Ltd./Mendeley Desktop/Downloaded/Akins, Baber, Beatty - 2009 - Acknowledgement.pdf:pdf},
issn = {01654101},
journal = {Journal of Accounting and Economics},
month = dec,
number = {2-3},
pages = {231--236},
title = {{Acknowledgement}},
url = {http://linkinghub.elsevier.com/retrieve/pii/S0165410109000615},
volume = {48},
year = {2009}
}
@article{Chan2010,
author = {Chan, K. Hung and Lin, Kenny Z. and Mo, Phyllis L.L.},
doi = {10.1016/j.jacceco.2010.02.001},
file = {:C$\backslash$:/Users/penarome/AppData/Local/Mendeley Ltd./Mendeley Desktop/Downloaded/Chan, Lin, Mo - 2010 - Will a departure from tax-based accounting encourage tax noncompliance Archival evidence from a transition econom.pdf:pdf},
issn = {01654101},
journal = {Journal of Accounting and Economics},
keywords = {IFRS,Informativeness of book-tax differences,Tax noncompliance,Tax-based accounting system,book-tax differences},
month = may,
number = {1},
pages = {58--73},
publisher = {Elsevier},
title = {{Will a departure from tax-based accounting encourage tax noncompliance? Archival evidence from a transition economy}},
url = {http://linkinghub.elsevier.com/retrieve/pii/S0165410110000078},
volume = {50},
year = {2010}
}
@article{Biddle2009,
author = {Biddle, Gary C. and Hilary, Gilles and Verdi, Rodrigo S.},
doi = {10.1016/j.jacceco.2009.09.001},
file = {:C$\backslash$:/Users/penarome/AppData/Local/Mendeley Ltd./Mendeley Desktop/Downloaded/Biddle, Hilary, Verdi - 2009 - How does financial reporting quality relate to investment efficiency.pdf:pdf},
issn = {01654101},
journal = {Journal of Accounting and Economics},
keywords = {Capital investment,financial reporting quality},
month = dec,
number = {2-3},
pages = {112--131},
publisher = {Elsevier},
title = {{How does financial reporting quality relate to investment efficiency?}},
url = {http://linkinghub.elsevier.com/retrieve/pii/S0165410109000469},
volume = {48},
year = {2009}
}
@article{Zhang2009,
author = {Zhang, Haiwen},
doi = {10.1016/j.jacceco.2008.11.007},
file = {:C$\backslash$:/Users/penarome/AppData/Local/Mendeley Ltd./Mendeley Desktop/Downloaded/Zhang - 2009 - Effect of derivative accounting rules on corporate risk-management behavior.pdf:pdf},
issn = {01654101},
journal = {Journal of Accounting and Economics},
keywords = {Derivative financial instruments,Risk-management behavior,SFAS 133},
month = jun,
number = {3},
pages = {244--264},
publisher = {Elsevier},
title = {{Effect of derivative accounting rules on corporate risk-management behavior}},
url = {http://linkinghub.elsevier.com/retrieve/pii/S0165410108000803},
volume = {47},
year = {2009}
}
@article{Gox2009,
author = {G\"{o}x, Robert F. and Wagenhofer, Alfred},
file = {:C$\backslash$:/Users/penarome/AppData/Local/Mendeley Ltd./Mendeley Desktop/Downloaded/G\"{o}x, Wagenhofer - 2009 - Optimal impairment rules.pdf:pdf},
issn = {01654101},
journal = {Journal of Accounting and Economics},
month = oct,
number = {1},
pages = {2--16},
title = {{Optimal impairment rules}},
volume = {48},
year = {2009}
}
@article{Larcker2010,
author = {Larcker, David F. and Rusticus, Tjomme O.},
doi = {10.1016/j.jacceco.2009.11.004},
file = {:C$\backslash$:/Users/penarome/AppData/Local/Mendeley Ltd./Mendeley Desktop/Downloaded/Larcker, Rusticus - 2010 - On the use of instrumental variables in accounting research.pdf:pdf},
issn = {01654101},
journal = {Journal of Accounting and Economics},
keywords = {Cost of capital,Disclosure,Endogeneity,Instrumental variables},
month = apr,
number = {3},
pages = {186--205},
publisher = {Elsevier},
title = {{On the use of instrumental variables in accounting research}},
url = {http://linkinghub.elsevier.com/retrieve/pii/S0165410109000718},
volume = {49},
year = {2010}
}
@article{LaFond2010,
author = {LaFond, Ryan and You, Haifeng},
doi = {10.1016/j.jacceco.2009.09.007},
file = {:C$\backslash$:/Users/penarome/AppData/Local/Mendeley Ltd./Mendeley Desktop/Downloaded/LaFond, You - 2010 - The federal deposit insurance corporation improvement act, bank internal controls and financial reporting quality.pdf:pdf},
issn = {01654101},
journal = {Journal of Accounting and Economics},
keywords = {FDI,FDICIA,Financial reporting quality,SOX},
month = feb,
number = {1-2},
pages = {75--83},
publisher = {Elsevier},
title = {{The federal deposit insurance corporation improvement act, bank internal controls and financial reporting quality}},
url = {http://linkinghub.elsevier.com/retrieve/pii/S0165410109000536},
volume = {49},
year = {2010}
}
@article{DeFond2010a,
author = {DeFond, Mark L.},
doi = {10.1016/j.jacceco.2010.10.004},
file = {:C$\backslash$:/Users/penarome/AppData/Local/Mendeley Ltd./Mendeley Desktop/Downloaded/DeFond - 2010 - Earnings quality research Advances, challenges and future research.pdf:pdf},
issn = {01654101},
journal = {Journal of Accounting and Economics},
keywords = {Abnormal accruals,Earnings management,Earnings quality,Proxies},
month = dec,
number = {2-3},
pages = {402--409},
publisher = {Elsevier},
title = {{Earnings quality research: Advances, challenges and future research}},
url = {http://linkinghub.elsevier.com/retrieve/pii/S0165410110000443},
volume = {50},
year = {2010}
}
@article{Kothari2010,
author = {Kothari, S.P. and Ramanna, Karthik and Skinner, Douglas J.},
doi = {10.1016/j.jacceco.2010.09.003},
file = {:C$\backslash$:/Users/penarome/AppData/Local/Mendeley Ltd./Mendeley Desktop/Downloaded/Kothari, Ramanna, Skinner - 2010 - Implications for GAAP from an analysis of positive research in accounting.pdf:pdf},
issn = {01654101},
journal = {Journal of Accounting and Economics},
keywords = {FASB,Fair value,GAAP,IASB},
month = dec,
number = {2-3},
pages = {246--286},
publisher = {Elsevier},
title = {{Implications for GAAP from an analysis of positive research in accounting}},
url = {http://linkinghub.elsevier.com/retrieve/pii/S0165410110000352},
volume = {50},
year = {2010}
}
@article{Xu2010,
author = {Xu, Weihong},
doi = {10.1016/j.jacceco.2009.11.005},
file = {:C$\backslash$:/Users/penarome/AppData/Local/Mendeley Ltd./Mendeley Desktop/Downloaded/Xu - 2010 - Do management earnings forecasts incorporate information in accruals.pdf:pdf},
issn = {01654101},
journal = {Journal of Accounting and Economics},
keywords = {Accruals,Forecast errors,Management forecasts,Persistence},
month = apr,
number = {3},
pages = {227--246},
publisher = {Elsevier},
title = {{Do management earnings forecasts incorporate information in accruals?}},
url = {http://linkinghub.elsevier.com/retrieve/pii/S016541010900072X},
volume = {49},
year = {2010}
}
@article{Dechow2010,
author = {Dechow, Patricia M. and Myers, Linda a. and Shakespeare, Catherine},
doi = {10.1016/j.jacceco.2009.09.006},
file = {:C$\backslash$:/Users/penarome/AppData/Local/Mendeley Ltd./Mendeley Desktop/Downloaded/Dechow, Myers, Shakespeare - 2010 - Fair value accounting and gains from asset securitizations A convenient earnings management tool wit.pdf:pdf},
issn = {01654101},
journal = {Journal of Accounting and Economics},
keywords = {Compensation,Earnings management,Fair value,Governance,Securitizations},
month = feb,
number = {1-2},
pages = {2--25},
publisher = {Elsevier},
title = {{Fair value accounting and gains from asset securitizations: A convenient earnings management tool with compensation side-benefits}},
url = {http://linkinghub.elsevier.com/retrieve/pii/S0165410109000524},
volume = {49},
year = {2010}
}
@article{Jackson2009,
author = {Jackson, Scott B. and {(Kelvin) Liu}, Xiaotao and Cecchini, Mark},
doi = {10.1016/j.jacceco.2009.06.001},
file = {:C$\backslash$:/Users/penarome/AppData/Local/Mendeley Ltd./Mendeley Desktop/Downloaded/Jackson, (Kelvin) Liu, Cecchini - 2009 - Economic consequences of firms’ depreciation method choice Evidence from capital investments.pdf:pdf},
issn = {01654101},
journal = {Journal of Accounting and Economics},
keywords = {Accelerated depreciation,Capital investments,Straight-line depreciation,depreciation method choice},
month = oct,
number = {1},
pages = {54--68},
publisher = {Elsevier},
title = {{Economic consequences of firms’ depreciation method choice: Evidence from capital investments}},
url = {http://linkinghub.elsevier.com/retrieve/pii/S0165410109000317},
volume = {48},
year = {2009}
}
@article{Brown2009,
author = {Brown, Stephen and Hillegeist, Stephen a. and Lo, Kin},
doi = {10.1016/j.jacceco.2008.12.002},
file = {:C$\backslash$:/Users/penarome/AppData/Local/Mendeley Ltd./Mendeley Desktop/Downloaded/Brown, Hillegeist, Lo - 2009 - The effect of earnings surprises on information asymmetry.pdf:pdf},
issn = {01654101},
journal = {Journal of Accounting and Economics},
keywords = {Earnings surprises,Investor recognition hypothesis,information asymmetry},
month = jun,
number = {3},
pages = {208--225},
publisher = {Elsevier},
title = {{The effect of earnings surprises on information asymmetry}},
url = {http://linkinghub.elsevier.com/retrieve/pii/S0165410108000827},
volume = {47},
year = {2009}
}
@article{Lo2010,
author = {Lo, Kin},
doi = {10.1016/j.jacceco.2009.09.005},
file = {:C$\backslash$:/Users/penarome/AppData/Local/Mendeley Ltd./Mendeley Desktop/Downloaded/Lo - 2010 - Materiality and voluntary disclosures.pdf:pdf},
issn = {01654101},
journal = {Journal of Accounting and Economics},
keywords = {Legal liability,Materiality,Voluntary disclosures},
month = feb,
number = {1-2},
pages = {133--135},
publisher = {Elsevier},
title = {{Materiality and voluntary disclosures}},
url = {http://linkinghub.elsevier.com/retrieve/pii/S0165410109000512},
volume = {49},
year = {2010}
}
@article{Hugon2010,
author = {Hugon, Artur and Muslu, Volkan},
doi = {10.1016/j.jacceco.2010.01.001},
file = {:C$\backslash$:/Users/penarome/AppData/Local/Mendeley Ltd./Mendeley Desktop/Downloaded/Hugon, Muslu - 2010 - Market demand for conservative analysts.pdf:pdf},
issn = {01654101},
journal = {Journal of Accounting and Economics},
keywords = {Analysts,Conservatism,Earnings forecasts,Market reaction},
month = may,
number = {1},
pages = {42--57},
publisher = {Elsevier},
title = {{Market demand for conservative analysts}},
url = {http://linkinghub.elsevier.com/retrieve/pii/S0165410110000042},
volume = {50},
year = {2010}
}
@article{Feng2009,
author = {Feng, Mei and Li, Chan and McVay, Sarah},
doi = {10.1016/j.jacceco.2009.09.004},
file = {:C$\backslash$:/Users/penarome/AppData/Local/Mendeley Ltd./Mendeley Desktop/Downloaded/Feng, Li, McVay - 2009 - Internal control and management guidance.pdf:pdf},
issn = {01654101},
journal = {Journal of Accounting and Economics},
keywords = {Internal control over financial reporting,Management forecast accuracy,Management guidance},
month = dec,
number = {2-3},
pages = {190--209},
publisher = {Elsevier},
title = {{Internal control and management guidance}},
url = {http://linkinghub.elsevier.com/retrieve/pii/S0165410109000500},
volume = {48},
year = {2009}
}
@article{Khan2009,
author = {Khan, Mozaffar and Watts, Ross L.},
doi = {10.1016/j.jacceco.2009.08.002},
file = {:C$\backslash$:/Users/penarome/AppData/Local/Mendeley Ltd./Mendeley Desktop/Downloaded/\~{A}, Watts - 2009 - Estimation and empirical properties of a firm-year measure of accounting conservatism.pdf:pdf},
issn = {01654101},
journal = {Journal of Accounting and Economics},
keywords = {Asymmetric timeliness,Conservatism,Firm-year measure,Information asymmetry,Litigation},
month = dec,
number = {2-3},
pages = {132--150},
publisher = {Elsevier},
title = {{Estimation and empirical properties of a firm-year measure of accounting conservatism}},
url = {http://linkinghub.elsevier.com/retrieve/pii/S0165410109000445},
volume = {48},
year = {2009}
}
@article{Gul2009,
author = {Gul, Ferdinand a. and Fung, Simon Yu Kit and Jaggi, Bikki},
doi = {10.1016/j.jacceco.2009.03.001},
file = {:C$\backslash$:/Users/penarome/AppData/Local/Mendeley Ltd./Mendeley Desktop/Downloaded/Gul, Fung, Jaggi - 2009 - Earnings quality Some evidence on the role of auditor tenure and auditors’ industry expertise.pdf:pdf},
issn = {01654101},
journal = {Journal of Accounting and Economics},
keywords = {Auditor industry specialization,Auditor tenure,Earnings quality,Low balling},
month = jun,
number = {3},
pages = {265--287},
publisher = {Elsevier},
title = {{Earnings quality: Some evidence on the role of auditor tenure and auditors’ industry expertise}},
url = {http://linkinghub.elsevier.com/retrieve/pii/S0165410109000135},
volume = {47},
year = {2009}
}
@article{Roychowdhury2010,
author = {Roychowdhury, Sugata},
doi = {10.1016/j.jacceco.2009.11.003},
file = {:C$\backslash$:/Users/penarome/AppData/Local/Mendeley Ltd./Mendeley Desktop/Downloaded/Roychowdhury - 2010 - Discussion of “Acquisition profitability and timely loss recognition” by J. Francis and X. Martin.pdf:pdf},
issn = {01654101},
journal = {Journal of Accounting and Economics},
keywords = {Acquisition,Announcement returns,Conservatism,FASB,SEC},
month = feb,
number = {1-2},
pages = {179--183},
publisher = {Elsevier},
title = {{Discussion of: “Acquisition profitability and timely loss recognition” by J. Francis and X. Martin}},
url = {http://linkinghub.elsevier.com/retrieve/pii/S0165410109000706},
volume = {49},
year = {2010}
}
@article{Altnklc2009,
author = {Altınkılı\c{c}, Oya and Hansen, Robert S.},
doi = {10.1016/j.jacceco.2009.04.005},
file = {:C$\backslash$:/Users/penarome/AppData/Local/Mendeley Ltd./Mendeley Desktop/Downloaded/Altınkılı\c{c}, Hansen - 2009 - On the information role of stock recommendation revisions.pdf:pdf},
issn = {01654101},
journal = {Journal of Accounting and Economics},
keywords = {analysts,recommendations},
month = oct,
number = {1},
pages = {17--36},
title = {{On the information role of stock recommendation revisions}},
url = {http://linkinghub.elsevier.com/retrieve/pii/S0165410109000287},
volume = {48},
year = {2009}
}
@article{Murphy2010,
author = {Murphy, Kevin J. and Sandino, Tatiana},
doi = {10.1016/j.jacceco.2009.12.001},
file = {:C$\backslash$:/Users/penarome/AppData/Local/Mendeley Ltd./Mendeley Desktop/Downloaded/Murphy, Sandino - 2010 - Executive pay and “independent” compensation consultants.pdf:pdf},
issn = {01654101},
journal = {Journal of Accounting and Economics},
keywords = {Board of directors,Compensation consultants,Corporate governance,Disclosure,executive compensation},
month = apr,
number = {3},
pages = {247--262},
publisher = {Elsevier},
title = {{Executive pay and “independent” compensation consultants}},
url = {http://linkinghub.elsevier.com/retrieve/pii/S0165410109000809},
volume = {49},
year = {2010}
}
@article{Lowry2009,
author = {Lowry, Michelle},
doi = {10.1016/j.jacceco.2008.11.006},
file = {:C$\backslash$:/Users/penarome/AppData/Local/Mendeley Ltd./Mendeley Desktop/Downloaded/Lowry - 2009 - Discussion of ‘shareholder litigation and changes in disclosure behavior’.pdf:pdf},
issn = {01654101},
journal = {Journal of Accounting and Economics},
keywords = {voluntary disclosure},
month = mar,
number = {1-2},
pages = {157--159},
title = {{Discussion of ‘shareholder litigation and changes in disclosure behavior’}},
url = {http://linkinghub.elsevier.com/retrieve/pii/S0165410108000773},
volume = {47},
year = {2009}
}
@article{Lambert2010,
author = {Lambert, Richard},
doi = {10.1016/j.jacceco.2010.09.006},
file = {:C$\backslash$:/Users/penarome/AppData/Local/Mendeley Ltd./Mendeley Desktop/Downloaded/Lambert - 2010 - Discussion of “Implications for GAAP from an analysis of positive research in accounting”.pdf:pdf},
issn = {01654101},
journal = {Journal of Accounting and Economics},
keywords = {FASB,Fair value,GAAP,IASB},
month = dec,
number = {2-3},
pages = {287--295},
publisher = {Elsevier},
title = {{Discussion of “Implications for GAAP from an analysis of positive research in accounting”}},
url = {http://linkinghub.elsevier.com/retrieve/pii/S0165410110000388},
volume = {50},
year = {2010}
}
@article{Kolasinski2009,
author = {Kolasinski, Adam C.},
doi = {10.1016/j.jacceco.2008.11.003},
file = {:C$\backslash$:/Users/penarome/AppData/Local/Mendeley Ltd./Mendeley Desktop/Downloaded/Kolasinski - 2009 - A tale of two intermediaries A discussion of Johnston, Markov and Ramnath (2009), and Cheng and Neamtiu (2009).pdf:pdf},
issn = {01654101},
journal = {Journal of Accounting and Economics},
month = mar,
number = {1-2},
pages = {131--135},
title = {{A tale of two intermediaries: A discussion of Johnston, Markov and Ramnath (2009), and Cheng and Neamtiu (2009)}},
url = {http://linkinghub.elsevier.com/retrieve/pii/S0165410108000797},
volume = {47},
year = {2009}
}
@article{Rogers2009a,
author = {Rogers, Jonathan L. and Skinner, Douglas J. and {Van Buskirk}, Andrew},
doi = {10.1016/j.jacceco.2009.07.001},
file = {:C$\backslash$:/Users/penarome/AppData/Local/Mendeley Ltd./Mendeley Desktop/Downloaded/Rogers, Skinner, Van Buskirk - 2009 - Earnings guidance and market uncertainty.pdf:pdf},
issn = {01654101},
journal = {Journal of Accounting and Economics},
keywords = {Earnings guidance,Implied volatility,Management forecasts,Uncertainty},
month = oct,
number = {1},
pages = {90--109},
publisher = {Elsevier},
title = {{Earnings guidance and market uncertainty}},
url = {http://linkinghub.elsevier.com/retrieve/pii/S0165410109000342},
volume = {48},
year = {2009}
}
@article{Johnston2009,
author = {Johnston, Rick and Markov, Stanimir and Ramnath, Sundaresh},
doi = {10.1016/j.jacceco.2008.07.001},
file = {:C$\backslash$:/Users/penarome/AppData/Local/Mendeley Ltd./Mendeley Desktop/Downloaded/Johnston, Markov, Ramnath - 2009 - Sell-side debt analysts.pdf:pdf},
issn = {01654101},
journal = {Journal of Accounting and Economics},
month = mar,
number = {1-2},
pages = {91--107},
title = {{Sell-side debt analysts}},
url = {http://linkinghub.elsevier.com/retrieve/pii/S0165410108000359},
volume = {47},
year = {2009}
}
@article{Dedman2009,
author = {Dedman, Elisabeth and Lennox, Clive},
doi = {10.1016/j.jacceco.2009.07.003},
file = {:C$\backslash$:/Users/penarome/AppData/Local/Mendeley Ltd./Mendeley Desktop/Downloaded/Dedman, Lennox - 2009 - Perceived competition, profitability and the withholding of information about sales and the cost of sales.pdf:pdf},
issn = {01654101},
journal = {Journal of Accounting and Economics},
keywords = {Industry concentration,managerial perceptions,product market competition,voluntary disclosure},
month = dec,
number = {2-3},
pages = {210--230},
publisher = {Elsevier},
title = {{Perceived competition, profitability and the withholding of information about sales and the cost of sales}},
url = {http://linkinghub.elsevier.com/retrieve/pii/S0165410109000494},
volume = {48},
year = {2009}
}
@article{Engel2010,
author = {Engel, Ellen and Hayes, Rachel M. and Wang, Xue},
doi = {10.1016/j.jacceco.2009.08.001},
file = {:C$\backslash$:/Users/penarome/AppData/Local/Mendeley Ltd./Mendeley Desktop/Downloaded/Engel, Hayes, Wang - 2010 - Audit committee compensation and the demand for monitoring of the financial reporting process.pdf:pdf},
issn = {01654101},
journal = {Journal of Accounting and Economics},
keywords = {Audit committees,Audit fees,Board of director compensation},
month = feb,
number = {1-2},
pages = {136--154},
publisher = {Elsevier},
title = {{Audit committee compensation and the demand for monitoring of the financial reporting process}},
url = {http://linkinghub.elsevier.com/retrieve/pii/S0165410109000366},
volume = {49},
year = {2010}
}
@article{Li2010,
author = {Li, Chan and Sun, Lili and Ettredge, Michael},
doi = {10.1016/j.jacceco.2010.01.003},
file = {:C$\backslash$:/Users/penarome/AppData/Local/Mendeley Ltd./Mendeley Desktop/Downloaded/Li, Sun, Ettredge - 2010 - Financial executive qualifications, financial executive turnover, and adverse SOX 404 opinions.pdf:pdf},
issn = {01654101},
journal = {Journal of Accounting and Economics},
keywords = {CFO Turnover,Internal control,Professional qualifications,SOX 404},
month = may,
number = {1},
pages = {93--110},
publisher = {Elsevier},
title = {{Financial executive qualifications, financial executive turnover, and adverse SOX 404 opinions}},
url = {http://linkinghub.elsevier.com/retrieve/pii/S0165410110000066},
volume = {50},
year = {2010}
}
@article{Dhaliwal2009,
author = {Dhaliwal, Dan and Erickson, Merle and Heitzman, Shane},
doi = {10.1016/j.jacceco.2008.09.004},
file = {:C$\backslash$:/Users/penarome/AppData/Local/Mendeley Ltd./Mendeley Desktop/Downloaded/Dhaliwal, Erickson, Heitzman - 2009 - Taxes and the backdating of stock option exercise dates.pdf:pdf},
issn = {01654101},
journal = {Journal of Accounting and Economics},
keywords = {stock option compensation},
month = mar,
number = {1-2},
pages = {27--49},
title = {{Taxes and the backdating of stock option exercise dates}},
url = {http://linkinghub.elsevier.com/retrieve/pii/S0165410108000566},
volume = {47},
year = {2009}
}
@article{Hanlon2010,
author = {Hanlon, Michelle and Heitzman, Shane},
doi = {10.1016/j.jacceco.2010.09.002},
file = {:C$\backslash$:/Users/penarome/AppData/Local/Mendeley Ltd./Mendeley Desktop/Downloaded/Hanlon, Heitzman - 2010 - A review of tax research.pdf:pdf},
issn = {01654101},
journal = {Journal of Accounting and Economics},
keywords = {Corporate decision-making,Earnings quality,Governance,Investment,Tax,Tax avoidance},
month = dec,
number = {2-3},
pages = {127--178},
publisher = {Elsevier},
title = {{A review of tax research}},
url = {http://linkinghub.elsevier.com/retrieve/pii/S0165410110000340},
volume = {50},
year = {2010}
}
@article{Wysocki2010,
author = {Wysocki, Peter},
doi = {10.1016/j.jacceco.2009.11.002},
file = {:C$\backslash$:/Users/penarome/AppData/Local/Mendeley Ltd./Mendeley Desktop/Downloaded/Wysocki - 2010 - Corporate compensation policies and audit fees.pdf:pdf},
issn = {01654101},
journal = {Journal of Accounting and Economics},
keywords = {Audit fees,CEO compensation,Complexity,Entrenchment,Risk},
month = feb,
number = {1-2},
pages = {155--160},
publisher = {Elsevier},
title = {{Corporate compensation policies and audit fees}},
url = {http://linkinghub.elsevier.com/retrieve/pii/S016541010900069X},
volume = {49},
year = {2010}
}
@article{Barth2010,
author = {Barth, Mary and Taylor, Daniel},
doi = {10.1016/j.jacceco.2009.10.001},
file = {:C$\backslash$:/Users/penarome/AppData/Local/Mendeley Ltd./Mendeley Desktop/Downloaded/Barth, Taylor - 2010 - In defense of fair value Weighing the evidence on earnings management and asset securitizations.pdf:pdf},
issn = {01654101},
journal = {Journal of Accounting and Economics},
keywords = {Asset securitizations,Earnings management,Fair value,G20,G30,JEL classification:,M41,Securitization income},
month = feb,
number = {1-2},
pages = {26--33},
publisher = {Elsevier},
title = {{In defense of fair value: Weighing the evidence on earnings management and asset securitizations}},
url = {http://linkinghub.elsevier.com/retrieve/pii/S0165410109000548},
volume = {49},
year = {2010}
}
@article{Albuquerque2009,
author = {Albuquerque, Ana},
doi = {10.1016/j.jacceco.2009.04.001},
file = {:C$\backslash$:/Users/penarome/AppData/Local/Mendeley Ltd./Mendeley Desktop/Downloaded/Albuquerque - 2009 - Peer firms in relative performance evaluation.pdf:pdf},
issn = {01654101},
journal = {Journal of Accounting and Economics},
keywords = {CEO compensation,Peer group,Relative performance evaluation},
month = oct,
number = {1},
pages = {69--89},
publisher = {Elsevier},
title = {{Peer firms in relative performance evaluation}},
url = {http://linkinghub.elsevier.com/retrieve/pii/S0165410109000159},
volume = {48},
year = {2009}
}
@article{Brickley2010,
author = {Brickley, J A and Zimmerman, J L},
file = {:C$\backslash$:/Users/penarome/AppData/Local/Mendeley Ltd./Mendeley Desktop/Downloaded/Brickley, Zimmerman - 2010 - Corporate governance myths comments on Armstrong, Guay, and Weber.pdf:pdf},
isbn = {0165-4101},
journal = {Journal of Accounting and Economics},
number = {2},
pages = {235--245},
title = {{Corporate governance myths: comments on Armstrong, Guay, and Weber}},
volume = {50},
year = {2010}
}
@article{Watts2010,
author = {Watts, Ross L and Zimmerman, Jerold L and Core, John E and Hanlon, Michelle},
doi = {10.1016/S0165-4101(10)00048-0},
file = {:C$\backslash$:/Users/penarome/AppData/Local/Mendeley Ltd./Mendeley Desktop/Downloaded/Watts et al. - 2010 - Editorial Board.pdf:pdf},
issn = {01654101},
journal = {Journal of Accounting and Economics},
month = dec,
number = {2-3},
pages = {IFC},
title = {{Editorial Board}},
url = {http://linkinghub.elsevier.com/retrieve/pii/S0165410110000480},
volume = {50},
year = {2010}
}
@article{Balakrishnan2010,
author = {Balakrishnan, Karthik and Bartov, Eli and Faurel, Lucile},
doi = {10.1016/j.jacceco.2009.12.002},
file = {:C$\backslash$:/Users/penarome/AppData/Local/Mendeley Ltd./Mendeley Desktop/Downloaded/Balakrishnan, Bartov, Faurel - 2010 - Post lossprofit announcement drift.pdf:pdf},
issn = {01654101},
journal = {Journal of Accounting and Economics},
keywords = {Accounting losses/profits,Earnings-based anomalies,Loss/profit mispricing,Loss/profit predictability,Post-earnings-announcement drift,accounting losses,loss,profit mispricing,profit predictability,profits},
month = may,
number = {1},
pages = {20--41},
publisher = {Elsevier},
title = {{Post loss/profit announcement drift}},
url = {http://linkinghub.elsevier.com/retrieve/pii/S0165410109000810},
volume = {50},
year = {2010}
}
@article{Lewellen2010,
author = {Lewellen, Jonathan},
doi = {10.1016/j.jacceco.2010.09.007},
file = {:C$\backslash$:/Users/penarome/AppData/Local/Mendeley Ltd./Mendeley Desktop/Downloaded/Lewellen - 2010 - Accounting anomalies and fundamental analysis An alternative view.pdf:pdf},
issn = {01654101},
journal = {Journal of Accounting and Economics},
keywords = {Cost of capital,Earnings and returns,Mishkin tests,Mispricing,accounting anomalies},
month = dec,
number = {2-3},
pages = {455--466},
publisher = {Elsevier},
title = {{Accounting anomalies and fundamental analysis: An alternative view}},
url = {http://linkinghub.elsevier.com/retrieve/pii/S016541011000039X},
volume = {50},
year = {2010}
}
@article{Hui2009,
author = {Hui, Kai Wai and Matsunaga, Steve and Morse, Dale},
doi = {10.1016/j.jacceco.2009.01.001},
file = {:C$\backslash$:/Users/penarome/AppData/Local/Mendeley Ltd./Mendeley Desktop/Downloaded/Hui, Matsunaga, Morse - 2009 - The impact of conservatism on management earnings forecasts.pdf:pdf},
issn = {01654101},
journal = {Journal of Accounting and Economics},
keywords = {Conservatism,Credibility,management forecasts},
month = jun,
number = {3},
pages = {192--207},
publisher = {Elsevier},
title = {{The impact of conservatism on management earnings forecasts}},
url = {http://linkinghub.elsevier.com/retrieve/pii/S016541010900010X},
volume = {47},
year = {2009}
}
@article{Fischer2009,
author = {Fischer, Paul E. and Gramlich, Jeffrey D. and Miller, Brian P. and White, Hal D.},
doi = {10.1016/j.jacceco.2009.09.002},
file = {:C$\backslash$:/Users/penarome/AppData/Local/Mendeley Ltd./Mendeley Desktop/Downloaded/Fischer et al. - 2009 - Investor perceptions of board performance Evidence from uncontested director elections.pdf:pdf},
issn = {01654101},
journal = {Journal of Accounting and Economics},
keywords = {Corporate democracy,Director elections,corporate governance,performance measurement},
month = dec,
number = {2-3},
pages = {172--189},
publisher = {Elsevier},
title = {{Investor perceptions of board performance: Evidence from uncontested director elections}},
url = {http://linkinghub.elsevier.com/retrieve/pii/S0165410109000470},
volume = {48},
year = {2009}
}
@article{Beyer2010,
author = {Beyer, Anne and Cohen, Daniel a. and Lys, Thomas Z. and Walther, Beverly R.},
doi = {10.1016/j.jacceco.2010.10.003},
file = {:C$\backslash$:/Users/penarome/AppData/Local/Mendeley Ltd./Mendeley Desktop/Downloaded/Beyer et al. - 2010 - The financial reporting environment Review of the recent literature.pdf:pdf},
issn = {01654101},
journal = {Journal of Accounting and Economics},
keywords = {Analysts,Regulation,information environment,mandatory disclosures,voluntary disclosures},
month = dec,
number = {2-3},
pages = {296--343},
publisher = {Elsevier},
title = {{The financial reporting environment: Review of the recent literature}},
url = {http://linkinghub.elsevier.com/retrieve/pii/S0165410110000431},
volume = {50},
year = {2010}
}
