Automatically generated by Mendeley Desktop 1.13.8
Any changes to this file will be lost if it is regenerated by Mendeley.

BibTeX export options can be customized via Options -> BibTeX in Mendeley Desktop

@article{Corona2013,
author = {Corona, Carlos and Nan, Lin},
doi = {10.1016/j.jacceco.2013.04.002},
file = {:C$\backslash$:/Users/penarome/AppData/Local/Mendeley Ltd./Mendeley Desktop/Downloaded/Corona, Nan - 2013 - Preannouncing competitive decisions in oligopoly markets.pdf:pdf},
issn = {01654101},
journal = {Journal of Accounting and Economics},
keywords = {Credibility,Disclosure,Duopoly,Pre-announcement,Uncertainty},
month = jul,
number = {1},
pages = {73--90},
publisher = {Elsevier},
title = {{Preannouncing competitive decisions in oligopoly markets}},
url = {http://linkinghub.elsevier.com/retrieve/pii/S0165410113000335},
volume = {56},
year = {2013}
}
@article{Lawrence2013,
author = {Lawrence, Alastair},
doi = {10.1016/j.jacceco.2013.05.001},
file = {:C$\backslash$:/Users/penarome/AppData/Local/Mendeley Ltd./Mendeley Desktop/Downloaded/Lawrence - 2013 - Individual Investors and Financial Disclosure.pdf:pdf},
issn = {01654101},
journal = {Journal of Accounting and Economics},
keywords = {Information disadvantage,financial disclosure,individual characteristics,individual investors},
month = may,
number = {1},
pages = {130--147},
publisher = {Elsevier},
title = {{Individual Investors and Financial Disclosure}},
url = {http://linkinghub.elsevier.com/retrieve/pii/S0165410113000359},
volume = {56},
year = {2013}
}
@article{Chuk2013,
author = {Chuk, Elizabeth and Matsumoto, Dawn and Miller, Gregory S.},
doi = {10.1016/j.jacceco.2012.07.001},
file = {:C$\backslash$:/Users/penarome/AppData/Local/Mendeley Ltd./Mendeley Desktop/Downloaded/Chuk, Matsumoto, Miller - 2013 - Assessing methods of identifying management forecasts CIG vs. researcher collected.pdf:pdf},
issn = {01654101},
journal = {Journal of Accounting and Economics},
keywords = {Accounting disclosure,CIG,Forecasts,Management guidance},
month = feb,
number = {1},
pages = {23--42},
publisher = {Elsevier},
title = {{Assessing methods of identifying management forecasts: CIG vs. researcher collected}},
url = {http://linkinghub.elsevier.com/retrieve/pii/S0165410112000547},
volume = {55},
year = {2013}
}
@article{Costello2013,
author = {Costello, Anna M.},
doi = {10.1016/j.jacceco.2013.02.001},
file = {:C$\backslash$:/Users/penarome/AppData/Local/Mendeley Ltd./Mendeley Desktop/Downloaded/Costello - 2013 - Mitigating incentive conflicts in inter-firm relationships Evidence from long-term supply contracts.pdf:pdf},
issn = {01654101},
journal = {Journal of Accounting and Economics},
keywords = {Contracting,Covenants,Financial reporting quality,Hold-up,Information asymmetry,Relationship specific assets},
month = jul,
number = {1},
pages = {19--39},
publisher = {Elsevier},
title = {{Mitigating incentive conflicts in inter-firm relationships: Evidence from long-term supply contracts}},
url = {http://linkinghub.elsevier.com/retrieve/pii/S0165410113000153},
volume = {56},
year = {2013}
}
@article{Watts2013a,
author = {Watts, Ross L and Zimmerman, Jerold L and Holthausen, Robert W and Core, John E and Hanlon, Michelle},
doi = {10.1016/S0165-4101(13)00004-9},
file = {:C$\backslash$:/Users/penarome/AppData/Local/Mendeley Ltd./Mendeley Desktop/Downloaded/Watts et al. - 2013 - Editorial Board(2).pdf:pdf},
issn = {01654101},
journal = {Journal of Accounting and Economics},
month = feb,
number = {1},
pages = {IFC},
title = {{Editorial Board}},
url = {http://linkinghub.elsevier.com/retrieve/pii/S0165410113000049},
volume = {55},
year = {2013}
}
@article{Allen2013,
author = {Allen, Eric J. and Larson, Chad R. and Sloan, Richard G.},
doi = {10.1016/j.jacceco.2013.05.002},
file = {:C$\backslash$:/Users/penarome/AppData/Local/Mendeley Ltd./Mendeley Desktop/Downloaded/Allen, Larson, Sloan - 2013 - Accrual reversals, earnings and stock returns.pdf:pdf},
issn = {01654101},
journal = {Journal of Accounting and Economics},
month = jul,
number = {1},
pages = {113--129},
publisher = {Elsevier},
title = {{Accrual reversals, earnings and stock returns}},
url = {http://linkinghub.elsevier.com/retrieve/pii/S0165410113000360},
volume = {56},
year = {2013}
}
@article{Tan2013,
author = {Tan, Liang},
doi = {10.1016/j.jacceco.2012.08.001},
file = {:C$\backslash$:/Users/penarome/AppData/Local/Mendeley Ltd./Mendeley Desktop/Downloaded/Tan - 2013 - Creditor control rights, state of nature verification, and financial reporting conservatism.pdf:pdf},
issn = {01654101},
journal = {Journal of Accounting and Economics},
keywords = {Control rights,Covenant violation,Debt contracting,accounting conservatism},
month = feb,
number = {1},
pages = {1--22},
publisher = {Elsevier},
title = {{Creditor control rights, state of nature verification, and financial reporting conservatism}},
url = {http://linkinghub.elsevier.com/retrieve/pii/S0165410112000596},
volume = {55},
year = {2013}
}
@article{Gao2013,
author = {Gao, Pingyang},
doi = {10.1016/j.jacceco.2012.10.001},
file = {:C$\backslash$:/Users/penarome/AppData/Local/Mendeley Ltd./Mendeley Desktop/Downloaded/Gao - 2013 - A measurement approach to conservatism and earnings management.pdf:pdf},
issn = {01654101},
journal = {Journal of Accounting and Economics},
keywords = {Conservatism,Debt contract,Earnings management,Relevance,Reliability,Verifiability},
month = apr,
number = {2-3},
pages = {251--268},
publisher = {Elsevier},
title = {{A measurement approach to conservatism and earnings management}},
url = {http://linkinghub.elsevier.com/retrieve/pii/S0165410112000651},
volume = {55},
year = {2013}
}
@article{Gerakos2013,
author = {Gerakos, Joseph and Kovrijnykh, Andrei},
doi = {10.1016/j.jacceco.2013.04.001},
file = {:C$\backslash$:/Users/penarome/AppData/Local/Mendeley Ltd./Mendeley Desktop/Downloaded/Gerakos, Kovrijnykh - 2013 - Performance shocks and misreporting.pdf:pdf},
issn = {01654101},
journal = {Journal of Accounting and Economics},
keywords = {Earnings management},
month = jul,
number = {1},
pages = {57--72},
publisher = {Elsevier},
title = {{Performance shocks and misreporting}},
url = {http://linkinghub.elsevier.com/retrieve/pii/S0165410113000323},
volume = {56},
year = {2013}
}
@article{Rogers2013,
author = {Rogers, Jonathan L. and {Van Buskirk}, Andrew},
doi = {10.1016/j.jacceco.2012.06.001},
file = {:C$\backslash$:/Users/penarome/AppData/Local/Mendeley Ltd./Mendeley Desktop/Downloaded/Rogers, Van Buskirk - 2013 - Bundled forecasts in empirical accounting research.pdf:pdf},
issn = {01654101},
journal = {Journal of Accounting and Economics},
keywords = {Conference calls,Earnings announcements,Reg FD,management forecasts},
month = feb,
number = {1},
pages = {43--65},
publisher = {Elsevier},
title = {{Bundled forecasts in empirical accounting research}},
url = {http://linkinghub.elsevier.com/retrieve/pii/S0165410112000523},
volume = {55},
year = {2013}
}
@article{Larcker2013,
author = {Larcker, David F. and So, Eric C. and Wang, Charles C.Y.},
doi = {10.1016/j.jacceco.2013.01.006},
file = {:C$\backslash$:/Users/penarome/AppData/Local/Mendeley Ltd./Mendeley Desktop/Downloaded/Larcker, So, Wang - 2013 - Boardroom centrality and firm performance.pdf:pdf},
issn = {01654101},
journal = {Journal of Accounting and Economics},
keywords = {Analyst forecasts,Market efficiency,board of director networks},
month = apr,
number = {2-3},
pages = {225--250},
publisher = {Elsevier},
title = {{Boardroom centrality and firm performance}},
url = {http://linkinghub.elsevier.com/retrieve/pii/S0165410113000141},
volume = {55},
year = {2013}
}
@article{Skaife2013,
author = {Skaife, Hollis a. and Veenman, David and Wangerin, Daniel},
doi = {10.1016/j.jacceco.2012.07.005},
file = {:C$\backslash$:/Users/penarome/AppData/Local/Mendeley Ltd./Mendeley Desktop/Downloaded/Skaife, Veenman, Wangerin - 2013 - Internal control over financial reporting and managerial rent extraction Evidence from the profitabil.pdf:pdf},
issn = {01654101},
journal = {Journal of Accounting and Economics},
keywords = {Insider trading,Internal control,Management integrity,Management turnover,SOX 404,Tone at the top},
month = feb,
number = {1},
pages = {91--110},
publisher = {Elsevier},
title = {{Internal control over financial reporting and managerial rent extraction: Evidence from the profitability of insider trading}},
url = {http://linkinghub.elsevier.com/retrieve/pii/S0165410112000584},
volume = {55},
year = {2013}
}
@article{Banker2013,
author = {Banker, Rajiv D. and Byzalov, Dmitri and Chen, Lei (Tony)},
doi = {10.1016/j.jacceco.2012.08.003},
file = {:C$\backslash$:/Users/penarome/AppData/Local/Mendeley Ltd./Mendeley Desktop/Downloaded/Banker, Byzalov, Chen - 2013 - Employment protection legislation, adjustment costs and cross-country differences in cost behavior.pdf:pdf},
issn = {01654101},
journal = {Journal of Accounting and Economics},
keywords = {Employment protection legislation,Labor adjustment costs,Sticky costs},
month = feb,
number = {1},
pages = {111--127},
publisher = {Elsevier},
title = {{Employment protection legislation, adjustment costs and cross-country differences in cost behavior}},
url = {http://linkinghub.elsevier.com/retrieve/pii/S0165410112000614},
volume = {55},
year = {2013}
}
@article{Cheng2013,
author = {Cheng, Mei and Dhaliwal, Dan and Zhang, Yuan},
doi = {10.1016/j.jacceco.2013.03.001},
file = {:C$\backslash$:/Users/penarome/AppData/Local/Mendeley Ltd./Mendeley Desktop/Downloaded/Cheng, Dhaliwal, Zhang - 2013 - Does investment efficiency improve after the disclosure of material weaknesses in internal control over.pdf:pdf},
issn = {01654101},
journal = {Journal of Accounting and Economics},
keywords = {Disclosure,Effectiveness of internal control over financial r,Investment efficiency,effectiveness of internal control,over},
month = jul,
number = {1},
pages = {1--18},
publisher = {Elsevier},
title = {{Does investment efficiency improve after the disclosure of material weaknesses in internal control over financial reporting?}},
url = {http://linkinghub.elsevier.com/retrieve/pii/S0165410113000165},
volume = {56},
year = {2013}
}
@article{Beatty2013,
author = {Beatty, Anne and Liao, Scott and Yu, Jeff Jiewei},
doi = {10.1016/j.jacceco.2013.01.003},
file = {:C$\backslash$:/Users/penarome/AppData/Local/Mendeley Ltd./Mendeley Desktop/Downloaded/Beatty, Liao, Yu - 2013 - The spillover effect of fraudulent financial reporting on peer firms' investments.pdf:pdf},
issn = {01654101},
journal = {Journal of Accounting and Economics},
keywords = {Investment efficiency,Spillover effect,fraudulent financial reporting},
month = apr,
number = {2-3},
pages = {183--205},
publisher = {Elsevier},
title = {{The spillover effect of fraudulent financial reporting on peer firms' investments}},
url = {http://linkinghub.elsevier.com/retrieve/pii/S0165410113000116},
volume = {55},
year = {2013}
}
@article{Doyle2013,
author = {Doyle, Jeffrey T. and Jennings, Jared N. and Soliman, Mark T.},
doi = {10.1016/j.jacceco.2013.03.002},
file = {:C$\backslash$:/Users/penarome/AppData/Local/Mendeley Ltd./Mendeley Desktop/Downloaded/Doyle, Jennings, Soliman - 2013 - Do managers define non-GAAP earnings to meet or beat analyst forecasts.pdf:pdf},
issn = {01654101},
journal = {Journal of Accounting and Economics},
keywords = {Earnings definition,Earnings management tools,Meet or beat analyst forecasts,Non-GAAP earnings},
month = jul,
number = {1},
pages = {40--56},
publisher = {Elsevier},
title = {{Do managers define non-GAAP earnings to meet or beat analyst forecasts?}},
url = {http://linkinghub.elsevier.com/retrieve/pii/S0165410113000177},
volume = {56},
year = {2013}
}
@article{Arya2013,
author = {Arya, Anil and Mittendorf, Brian},
doi = {10.1016/j.jacceco.2013.01.002},
file = {:C$\backslash$:/Users/penarome/AppData/Local/Mendeley Ltd./Mendeley Desktop/Downloaded/Arya, Mittendorf - 2013 - Discretionary disclosure in the presence of dual distribution channels.pdf:pdf},
issn = {01654101},
journal = {Journal of Accounting and Economics},
keywords = {Entry,Voluntary disclosure,distribution channels},
month = apr,
number = {2-3},
pages = {168--182},
publisher = {Elsevier},
title = {{Discretionary disclosure in the presence of dual distribution channels}},
url = {http://linkinghub.elsevier.com/retrieve/pii/S0165410113000104},
volume = {55},
year = {2013}
}
@article{Watts2013,
author = {Watts, Ross L and Zimmerman, Jerold L and Holthausen, Robert W and Core, John E and Hanlon, Michelle},
doi = {10.1016/S0165-4101(13)00019-0},
file = {:C$\backslash$:/Users/penarome/AppData/Local/Mendeley Ltd./Mendeley Desktop/Downloaded/Watts et al. - 2013 - Editorial Board.pdf:pdf},
issn = {01654101},
journal = {Journal of Accounting and Economics},
month = apr,
number = {2-3},
pages = {IFC},
title = {{Editorial Board}},
url = {http://linkinghub.elsevier.com/retrieve/pii/S0165410113000190},
volume = {55},
year = {2013}
}
@article{Barth2013,
author = {Barth, Mary E. and Konchitchki, Yaniv and Landsman, Wayne R.},
doi = {10.1016/j.jacceco.2013.01.004},
file = {:C$\backslash$:/Users/penarome/AppData/Local/Mendeley Ltd./Mendeley Desktop/Downloaded/Barth, Konchitchki, Landsman - 2013 - Cost of capital and earnings transparency.pdf:pdf},
issn = {01654101},
journal = {Journal of Accounting and Economics},
keywords = {Cost of capital,Earnings transparency},
month = apr,
number = {2-3},
pages = {206--224},
publisher = {Elsevier},
title = {{Cost of capital and earnings transparency}},
url = {http://linkinghub.elsevier.com/retrieve/pii/S0165410113000128},
volume = {55},
year = {2013}
}
@article{Denis2013,
author = {Denis, David J. and Xu, Jin},
doi = {10.1016/j.jacceco.2013.04.003},
file = {:C$\backslash$:/Users/penarome/AppData/Local/Mendeley Ltd./Mendeley Desktop/Downloaded/Denis, Xu - 2013 - Insider trading restrictions and top executive compensation.pdf:pdf},
issn = {01654101},
journal = {Journal of Accounting and Economics},
keywords = {Insider ownership,executive compensation,insider trading restrictions},
month = jul,
number = {1},
pages = {91--112},
publisher = {Elsevier},
title = {{Insider trading restrictions and top executive compensation}},
url = {http://linkinghub.elsevier.com/retrieve/pii/S0165410113000347},
volume = {56},
year = {2013}
}
@article{Allen2013a,
author = {Allen, Abigail and Ramanna, Karthik},
doi = {10.1016/j.jacceco.2012.05.003},
file = {:C$\backslash$:/Users/penarome/AppData/Local/Mendeley Ltd./Mendeley Desktop/Downloaded/Allen, Ramanna - 2013 - Towards an understanding of the role of standard setters in standard setting.pdf:pdf},
issn = {01654101},
journal = {Journal of Accounting and Economics},
keywords = {Accounting,FASB,Politics,Relevance,Reliability,Standard setting},
month = feb,
number = {1},
pages = {66--90},
publisher = {Elsevier},
title = {{Towards an understanding of the role of standard setters in standard setting}},
url = {http://linkinghub.elsevier.com/retrieve/pii/S0165410112000511},
volume = {55},
year = {2013}
}
@article{Hwang2013,
author = {Hwang, Lee-Seok and Lee, Woo-Jong and Lim, Seung-Yeon and Park, Kyung-Ho},
doi = {10.1016/j.jacceco.2013.01.005},
file = {:C$\backslash$:/Users/penarome/AppData/Local/Mendeley Ltd./Mendeley Desktop/Downloaded/Hwang et al. - 2013 - Does information risk affect the implied cost of equity capital An analysis of PIN and adjusted PIN.pdf:pdf},
issn = {01654101},
journal = {Journal of Accounting and Economics},
keywords = {Adjusted PIN (AdjPIN),Analystsamp\#x00027,Expected returns,Implied cost of equity capital,Probability of informed trading (PIN),adjpin,adjusted pin,capital,forecasts,implied cost of equity,pin,probability of informed trading},
month = apr,
number = {2-3},
pages = {148--167},
publisher = {Elsevier},
title = {{Does information risk affect the implied cost of equity capital? An analysis of PIN and adjusted PIN}},
url = {http://linkinghub.elsevier.com/retrieve/pii/S016541011300013X},
volume = {55},
year = {2013}
}
