Automatically generated by Mendeley Desktop 1.13.8
Any changes to this file will be lost if it is regenerated by Mendeley.

BibTeX export options can be customized via Options -> BibTeX in Mendeley Desktop

@article{Beatty2012a,
author = {Beatty, Anne and Liao, Scott and Weber, Joseph},
doi = {10.1016/j.jacceco.2011.12.002},
file = {:C$\backslash$:/Users/penarome/AppData/Local/Mendeley Ltd./Mendeley Desktop/Downloaded/Beatty, Liao, Weber - 2012 - Evidence on the determinants and economic consequences of delegated monitoring.pdf:pdf},
issn = {01654101},
journal = {Journal of Accounting and Economics},
keywords = {Accounting quality,Contracting,Covenants,Debt,Monitoring},
month = jun,
number = {3},
pages = {555--576},
publisher = {Elsevier},
title = {{Evidence on the determinants and economic consequences of delegated monitoring}},
url = {http://linkinghub.elsevier.com/retrieve/pii/S0165410111000978},
volume = {53},
year = {2012}
}
@article{Loktionov2010,
author = {Loktionov, Yuri V.},
file = {:C$\backslash$:/Users/penarome/AppData/Local/Mendeley Ltd./Mendeley Desktop/Downloaded/Loktionov - 2010 - Does Accounting Quality Mitigate Risk Shifting.pdf:pdf},
journal = {Working paper},
title = {{Does Accounting Quality Mitigate Risk Shifting?}},
year = {2010}
}
@article{Beatty2010,
author = {Beatty, Anne and {Scott Liao}, W. and Weber, Joseph},
doi = {10.1111/j.1911-3846.2010.01000.x},
file = {:C$\backslash$:/Users/penarome/AppData/Local/Mendeley Ltd./Mendeley Desktop/Downloaded/Beatty, Scott Liao, Weber - 2010 - The Effect of Private Information and Monitoring on the Role of Accounting Quality in Investment Deci.pdf:pdf},
issn = {08239150},
journal = {Contemporary Accounting Research},
month = mar,
number = {1},
pages = {17--47},
title = {{The Effect of Private Information and Monitoring on the Role of Accounting Quality in Investment Decisions*}},
url = {http://doi.wiley.com/10.1111/j.1911-3846.2010.01000.x},
volume = {27},
year = {2010}
}
@article{Gande2012,
author = {Gande, Amar and Saunders, Anthony},
file = {:C$\backslash$:/Users/penarome/AppData/Local/Mendeley Ltd./Mendeley Desktop/Downloaded/Gande, Saunders - 2012 - Are Banks Still Special When There Is a Secondary Market for Loans.pdf:pdf},
journal = {The Journal of Finance},
number = {5},
pages = {1649--1684},
title = {{Are Banks Still Special When There Is a Secondary Market for Loans ?}},
volume = {LXVII},
year = {2012}
}
@book{Callen2009,
author = {Callen, Jeffrey L. and Segal, Dan and Hope, Ole-Kristian},
booktitle = {Review of Accounting Studies},
doi = {10.1007/s11142-009-9087-6},
file = {:C$\backslash$:/Users/penarome/AppData/Local/Mendeley Ltd./Mendeley Desktop/Downloaded/Callen, Segal, Hope - 2009 - The pricing of conservative accounting and the measurement of conservatism at the firm-year level.pdf:pdf},
isbn = {1114200990876},
issn = {1380-6653},
keywords = {conservatism special items \'{a},linearity \'{a} return decomposition,\'{a}},
month = feb,
number = {1},
pages = {145--178},
title = {{The pricing of conservative accounting and the measurement of conservatism at the firm-year level}},
url = {http://www.springerlink.com/index/10.1007/s11142-009-9087-6},
volume = {15},
year = {2009}
}
@article{Armstrong2012a,
author = {Armstrong, Christopher S. and Balakrishnan, Karthik and Cohen, Daniel},
doi = {10.1016/j.jacceco.2011.06.005},
file = {:C$\backslash$:/Users/penarome/AppData/Local/Mendeley Ltd./Mendeley Desktop/Downloaded/Armstrong, Balakrishnan, Cohen - 2012 - Corporate governance and the information environment Evidence from state antitakeover laws.pdf:pdf},
issn = {01654101},
journal = {Journal of Accounting and Economics},
keywords = {Antitakeover laws,Corporate governance,Financial reporting quality,Information asymmetry},
month = feb,
number = {1-2},
pages = {185--204},
publisher = {Elsevier},
title = {{Corporate governance and the information environment: Evidence from state antitakeover laws}},
url = {http://linkinghub.elsevier.com/retrieve/pii/S0165410111000528},
volume = {53},
year = {2012}
}
@article{Barth2012b,
author = {Barth, Mary E. and Ormazabal, Gaizka and Taylor, Daniel J.},
doi = {10.2308/accr-10194},
file = {:C$\backslash$:/Users/penarome/AppData/Local/Mendeley Ltd./Mendeley Desktop/Downloaded/Barth, Ormazabal, Taylor - 2012 - Asset Securitizations and Credit Risk.pdf:pdf},
issn = {0001-4826},
journal = {The Accounting Review},
keywords = {asset securitizations,credit ratings,credit risk},
month = mar,
number = {2},
pages = {423--448},
title = {{Asset Securitizations and Credit Risk}},
url = {http://aaajournals.org/doi/abs/10.2308/accr-10194},
volume = {87},
year = {2012}
}
@article{Khan2009,
author = {Khan, Mozaffar and Watts, Ross L.},
doi = {10.1016/j.jacceco.2009.08.002},
file = {:C$\backslash$:/Users/penarome/AppData/Local/Mendeley Ltd./Mendeley Desktop/Downloaded/\~{A}, Watts - 2009 - Estimation and empirical properties of a firm-year measure of accounting conservatism.pdf:pdf},
issn = {01654101},
journal = {Journal of Accounting and Economics},
keywords = {Asymmetric timeliness,Conservatism,Firm-year measure,Information asymmetry,Litigation},
month = dec,
number = {2-3},
pages = {132--150},
publisher = {Elsevier},
title = {{Estimation and empirical properties of a firm-year measure of accounting conservatism}},
url = {http://linkinghub.elsevier.com/retrieve/pii/S0165410109000445},
volume = {48},
year = {2009}
}
@article{Barth2012,
author = {Barth, Mary E. and Ormazabal, Gaizka and Taylor, Daniel J.},
doi = {10.2308/accr-10194},
file = {:C$\backslash$:/Users/penarome/AppData/Local/Mendeley Ltd./Mendeley Desktop/Downloaded/Barth, Ormazabal, Taylor - 2012 - Asset Securitizations and Credit Risk.pdf:pdf},
issn = {0001-4826},
journal = {The Accounting Review},
keywords = {asset securitizations,credit ratings,credit risk},
month = mar,
number = {2},
pages = {423--448},
title = {{Asset Securitizations and Credit Risk}},
url = {http://aaajournals.org/doi/abs/10.2308/accr-10194},
volume = {87},
year = {2012}
}
@article{Sustersic2012,
annote = {Thesis - Dissertation:},
author = {Sustersic, Jennifer Lynn},
file = {:C$\backslash$:/Users/penarome/AppData/Local/Mendeley Ltd./Mendeley Desktop/Downloaded/Sustersic - 2012 - Do traded credit default swaps impact lenders monitoring activities Evidence from private loan agreements.pdf:pdf},
journal = {Working paper},
title = {{Do traded credit default swaps impact lenders monitoring activities? Evidence from private loan agreements}},
year = {2012}
}
