Automatically generated by Mendeley Desktop 1.13.8
Any changes to this file will be lost if it is regenerated by Mendeley.

BibTeX export options can be customized via Options -> BibTeX in Mendeley Desktop

@article{Ashcraft2009,
author = {Ashcraft, Adam B and Santos, Jo\~{a}o A C},
file = {:C$\backslash$:/Users/penarome/AppData/Local/Mendeley Ltd./Mendeley Desktop/Downloaded/Ashcraft, Santos - 2009 - Has the CDS market lowered the cost of corporate debt.pdf:pdf},
isbn = {0304-3932},
journal = {Journal of Monetary Economics},
keywords = {Credit default swaps,Credit spreads,Loan spreads},
number = {4},
pages = {514--523},
title = {{Has the CDS market lowered the cost of corporate debt?}},
volume = {56},
year = {2009}
}
@article{Gande2012,
author = {Gande, Amar and Saunders, Anthony},
file = {:C$\backslash$:/Users/penarome/AppData/Local/Mendeley Ltd./Mendeley Desktop/Downloaded/Gande, Saunders - 2012 - Are Banks Still Special When There Is a Secondary Market for Loans.pdf:pdf},
journal = {The Journal of Finance},
number = {5},
pages = {1649--1684},
title = {{Are Banks Still Special When There Is a Secondary Market for Loans ?}},
volume = {LXVII},
year = {2012}
}
@article{Parlour2013,
author = {Parlour, Christine a. and Winton, Andrew},
file = {:C$\backslash$:/Users/penarome/AppData/Local/Mendeley Ltd./Mendeley Desktop/Downloaded/Parlour, Winton - 2013 - Laying off credit risk Loan sales versus credit default swaps.pdf:pdf},
issn = {0304405X},
journal = {Journal of Financial Economics},
keywords = {Control rights,Credit default swaps,Credit risk,Loan sales},
month = jan,
number = {1},
pages = {25--45},
publisher = {Elsevier},
title = {{Laying off credit risk: Loan sales versus credit default swaps}},
volume = {107},
year = {2013}
}
