Automatically generated by Mendeley Desktop 1.13.8
Any changes to this file will be lost if it is regenerated by Mendeley.

BibTeX export options can be customized via Options -> BibTeX in Mendeley Desktop

@article{Deng2013,
author = {Deng, Saiying and Li, Yutao and Lobo, Gerald J. and Shao, Pei},
file = {:C$\backslash$:/Users/penarome/AppData/Local/Mendeley Ltd./Mendeley Desktop/Downloaded/Deng et al. - 2013 - Loan Sales and Accounting Conservatism Saiying Deng College of Business Southern Illinois University Yutao Li Facul.pdf:pdf},
journal = {Working paper},
number = {September 2013},
title = {{Loan Sales and Accounting Conservatism Saiying Deng College of Business Southern Illinois University Yutao Li Faculty of Management University of Lethbridge Gerald J . Lobo Bauer College of Business University of Houston Pei Shao Faculty of Management Uni}},
year = {2013}
}
@article{Gande2012,
author = {Gande, Amar and Saunders, Anthony},
file = {:C$\backslash$:/Users/penarome/AppData/Local/Mendeley Ltd./Mendeley Desktop/Downloaded/Gande, Saunders - 2012 - Are Banks Still Special When There Is a Secondary Market for Loans.pdf:pdf},
journal = {The Journal of Finance},
number = {5},
pages = {1649--1684},
title = {{Are Banks Still Special When There Is a Secondary Market for Loans ?}},
volume = {LXVII},
year = {2012}
}
@article{Colonnello2013,
author = {Colonnello, Stefano},
file = {:C$\backslash$:/Users/penarome/AppData/Local/Mendeley Ltd./Mendeley Desktop/Downloaded/Colonnello - 2013 - Corporate Governance and Debt Monitoring The Role of Credit Default Swaps.pdf:pdf},
journal = {Working paper},
keywords = {board of directors,corporate governance,credit default swaps,monitor-},
title = {{Corporate Governance and Debt Monitoring : The Role of Credit Default Swaps}},
year = {2013}
}
@article{Desender2013,
author = {Desender, Kurt a. and Aguilera, Ruth V. and Crespi, Rafel and Garc\'{I}a-cestona, Miguel},
doi = {10.1002/smj.2046},
file = {:C$\backslash$:/Users/penarome/AppData/Local/Mendeley Ltd./Mendeley Desktop/Downloaded/Desender et al. - 2013 - When does ownership matter Board characteristics and behavior.pdf:pdf},
issn = {01432095},
journal = {Strategic Management Journal},
month = jul,
number = {7},
pages = {823--842},
title = {{When does ownership matter? Board characteristics and behavior}},
url = {http://doi.wiley.com/10.1002/smj.2046},
volume = {34},
year = {2013}
}
@article{Abbott2003,
author = {Abbott, Lawrence J. and of Memphis, University and Parker, Susan and University, Santa Clara and Peters, Gary F. and of Arkansas, University and Raghunandan, K. and University, Florida International},
doi = {10.1506/8YP9-P27G-5NW5-DJKK},
file = {:C$\backslash$:/Users/penarome/AppData/Local/Mendeley Ltd./Mendeley Desktop/Downloaded/Abbott et al. - 2003 - An Empirical Investigation of Audit Fees, Nonaudit Fees, and Audit Committees.pdf:pdf},
issn = {08239150},
journal = {Contemporary Accounting Research},
keywords = {audit committee,audit fees,auditor independence,nonaudit services},
month = may,
number = {2},
pages = {215--234},
title = {{An Empirical Investigation of Audit Fees, Nonaudit Fees, and Audit Committees*}},
url = {http://doi.wiley.com/10.1506/8YP9-P27G-5NW5-DJKK},
volume = {20},
year = {2003}
}
