Automatically generated by Mendeley Desktop 1.13.8
Any changes to this file will be lost if it is regenerated by Mendeley.

BibTeX export options can be customized via Options -> BibTeX in Mendeley Desktop

@article{Vasvari2012,
author = {Vasvari, Florin P.},
doi = {10.1007/s11142-012-9196-5},
file = {:C$\backslash$:/Users/penarome/AppData/Local/Mendeley Ltd./Mendeley Desktop/Downloaded/Vasvari - 2012 - Discussion of “Hedge commitments and agency costs of debt evidence from interest rate protection covenants and accounti.pdf:pdf},
isbn = {1114201291965},
issn = {1380-6653},
journal = {Review of Accounting Studies},
keywords = {covenants \'{a} hedging \'{a},interest rate risk \'{a},syndicated loans},
month = jul,
number = {3},
pages = {739--748},
title = {{Discussion of “Hedge commitments and agency costs of debt: evidence from interest rate protection covenants and accounting conservatism”}},
url = {http://www.springerlink.com/index/10.1007/s11142-012-9196-5},
volume = {17},
year = {2012}
}
@article{Cao2011,
author = {Cao, Ying and Myers, Linda a. and Sougiannis, Theodore},
doi = {10.1007/s11142-011-9150-y},
file = {:C$\backslash$:/Users/penarome/AppData/Local/Mendeley Ltd./Mendeley Desktop/Downloaded/Cao, Myers, Sougiannis - 2011 - Does earnings acceleration convey information.pdf:pdf},
issn = {1380-6653},
journal = {Review of Accounting Studies},
keywords = {earnings acceleration \'{a} earnings,growth \'{a} earnings prediction,\'{a}},
month = may,
number = {4},
pages = {812--842},
title = {{Does earnings acceleration convey information?}},
url = {http://www.springerlink.com/index/10.1007/s11142-011-9150-y},
volume = {16},
year = {2011}
}
@article{Correia2012,
author = {Correia, Maria and Richardson, Scott and Tuna, İrem},
doi = {10.1007/s11142-012-9191-x},
file = {:C$\backslash$:/Users/penarome/AppData/Local/Mendeley Ltd./Mendeley Desktop/Downloaded/Correia, Richardson, Tuna - 2012 - Value investing in credit markets.pdf:pdf},
issn = {1380-6653},
journal = {Review of Accounting Studies},
keywords = {credit markets \'{a} cds,prediction,\'{a} bonds \'{a} default},
month = jun,
number = {3},
pages = {572--609},
title = {{Value investing in credit markets}},
url = {http://www.springerlink.com/index/10.1007/s11142-012-9191-x},
volume = {17},
year = {2012}
}
@article{Balachandran2011,
author = {Balachandran, Sudhakar and Mohanram, Partha},
doi = {10.1007/s11142-011-9168-1},
file = {:C$\backslash$:/Users/penarome/AppData/Local/Mendeley Ltd./Mendeley Desktop/Downloaded/Balachandran, Mohanram - 2011 - Using residual income to refine the relationship between earnings growth and stock returns.pdf:pdf},
issn = {1380-6653},
journal = {Review of Accounting Studies},
keywords = {earnings growth \'{a} residual,growth in invested capital,income \'{a} growth in,residual income \'{a}},
month = aug,
number = {1},
pages = {134--165},
title = {{Using residual income to refine the relationship between earnings growth and stock returns}},
url = {http://www.springerlink.com/index/10.1007/s11142-011-9168-1},
volume = {17},
year = {2011}
}
@article{Dickinson2011,
author = {Dickinson, Victoria and Kimmel, Paul and Warfield, Terry},
doi = {10.1007/s11142-011-9162-7},
file = {:C$\backslash$:/Users/penarome/AppData/Local/Mendeley Ltd./Mendeley Desktop/Downloaded/Dickinson, Kimmel, Warfield - 2011 - The accounting and market consequences of accelerated share repurchases.pdf:pdf},
issn = {1380-6653},
journal = {Review of Accounting Studies},
keywords = {accelerated share repurchases \'{a},off-balance sheet items \'{a}},
month = jul,
number = {1},
pages = {41--71},
title = {{The accounting and market consequences of accelerated share repurchases}},
url = {http://www.springerlink.com/index/10.1007/s11142-011-9162-7},
volume = {17},
year = {2011}
}
@article{Prencipe2012,
author = {Prencipe, Annalisa},
doi = {10.1007/s11142-012-9200-0},
file = {:C$\backslash$:/Users/penarome/AppData/Local/Mendeley Ltd./Mendeley Desktop/Downloaded/Prencipe - 2012 - Earnings management in domestic versus multinational firms discussion of “Where do firms manage earnings”.pdf:pdf},
issn = {1380-6653},
journal = {Review of Accounting Studies},
keywords = {earnings management \'{a} multinational,firms \'{a} domestic firms,geographical location \'{a} sarbanes,oxley,\'{a}},
month = jun,
number = {3},
pages = {688--699},
title = {{Earnings management in domestic versus multinational firms: discussion of “Where do firms manage earnings?”}},
url = {http://www.springerlink.com/index/10.1007/s11142-012-9200-0},
volume = {17},
year = {2012}
}
@article{Kallunki2012,
author = {Kallunki, Juha-Pekka and Pyykk\"{o}, Elina},
doi = {10.1007/s11142-012-9203-x},
file = {:C$\backslash$:/Users/penarome/AppData/Local/Mendeley Ltd./Mendeley Desktop/Downloaded/Kallunki, Pyykk\"{o} - 2012 - Do defaulting CEOs and directors increase the likelihood of financial distress of the firm.pdf:pdf},
issn = {1380-6653},
journal = {Review of Accounting Studies},
keywords = {financial distress \'{a} bankruptcy,governance \'{a},\'{a} insolvency \'{a} corporate},
month = jul,
title = {{Do defaulting CEOs and directors increase the likelihood of financial distress of the firm?}},
url = {http://www.springerlink.com/index/10.1007/s11142-012-9203-x},
year = {2012}
}
@article{Kim2012a,
author = {Kim, Sohyung},
doi = {10.1007/s11142-012-9206-7},
file = {:C$\backslash$:/Users/penarome/AppData/Local/Mendeley Ltd./Mendeley Desktop/Downloaded/Kim - 2012 - What is behind the magic of O-Score An alternative interpretation of Dichev’s (1998) bankruptcy risk anomaly.pdf:pdf},
issn = {1380-6653},
journal = {Review of Accounting Studies},
keywords = {cash flows \'{a} accruals,market efficiency \'{a} bankruptcy,operations \'{a},risk \'{a} funds from},
month = jul,
number = {1998},
title = {{What is behind the magic of O-Score? An alternative interpretation of Dichev’s (1998) bankruptcy risk anomaly}},
url = {http://www.springerlink.com/index/10.1007/s11142-012-9206-7},
year = {2012}
}
@article{Ge2010,
author = {Ge, Rui and Lennox, Clive},
doi = {10.1007/s11142-010-9139-y},
file = {:C$\backslash$:/Users/penarome/AppData/Local/Mendeley Ltd./Mendeley Desktop/Downloaded/Ge, Lennox - 2010 - Do acquirers disclose good news or withhold bad news when they finance their acquisitions using equity.pdf:pdf},
issn = {1380-6653},
journal = {Review of Accounting Studies},
keywords = {acquisitions \'{a} management forecasts,disclosure \'{a} deception \'{a}},
month = dec,
number = {1},
pages = {183--217},
title = {{Do acquirers disclose good news or withhold bad news when they finance their acquisitions using equity?}},
url = {http://www.springerlink.com/index/10.1007/s11142-010-9139-y},
volume = {16},
year = {2010}
}
@article{Beatty2012,
author = {Beatty, Anne and Petacchi, Reining and Zhang, Haiwen},
doi = {10.1007/s11142-012-9189-4},
file = {:C$\backslash$:/Users/penarome/AppData/Local/Mendeley Ltd./Mendeley Desktop/Downloaded/Beatty, Petacchi, Zhang - 2012 - Hedge commitments and agency costs of debt evidence from interest rate protection covenants and account.pdf:pdf},
issn = {1380-6653},
journal = {Review of Accounting Studies},
keywords = {accounting conservatism \'{a} interest,agency costs of debt,rate protection \'{a},\'{a} hedge commitments},
month = jun,
number = {3},
pages = {700--738},
title = {{Hedge commitments and agency costs of debt: evidence from interest rate protection covenants and accounting conservatism}},
url = {http://www.springerlink.com/index/10.1007/s11142-012-9189-4},
volume = {17},
year = {2012}
}
@article{Billings2011,
author = {Billings, Mary Brooke and Jennings, Robert},
doi = {10.1007/s11142-011-9156-5},
file = {:C$\backslash$:/Users/penarome/AppData/Local/Mendeley Ltd./Mendeley Desktop/Downloaded/Billings, Jennings - 2011 - The option market’s anticipation of information content in earnings announcements.pdf:pdf},
issn = {1380-6653},
journal = {Review of Accounting Studies},
keywords = {announcements \'{a} options \'{a},environment \'{a} return-earnings relation,information content of earnings,institutional ownership \'{a} information,volatility \'{a}},
month = may,
number = {3},
pages = {587--619},
title = {{The option market’s anticipation of information content in earnings announcements}},
url = {http://www.springerlink.com/index/10.1007/s11142-011-9156-5},
volume = {16},
year = {2011}
}
@article{Clubb2012,
author = {Clubb, Colin D. B.},
doi = {10.1007/s11142-012-9211-x},
file = {:C$\backslash$:/Users/penarome/AppData/Local/Mendeley Ltd./Mendeley Desktop/Downloaded/Clubb - 2012 - Information dynamics, dividend displacement, conservatism, and earnings measurement a development of the Ohlson (1995) va.pdf:pdf},
issn = {1380-6653},
journal = {Review of Accounting Studies},
keywords = {conservatism \'{a} financial reporting,dividend irrelevance \'{a} accounting,earnings \'{a} linear information,equity valuation \'{a} abnormal,models \'{a}},
month = oct,
number = {1995},
title = {{Information dynamics, dividend displacement, conservatism, and earnings measurement: a development of the Ohlson (1995) valuation framework}},
url = {http://www.springerlink.com/index/10.1007/s11142-012-9211-x},
year = {2012}
}
@article{Resutek2011,
author = {Resutek, Robert J.},
doi = {10.1007/s11142-011-9154-7},
file = {:C$\backslash$:/Users/penarome/AppData/Local/Mendeley Ltd./Mendeley Desktop/Downloaded/Resutek - 2011 - Discussion of “How well do investors understand loss persistence”.pdf:pdf},
issn = {1380-6653},
journal = {Review of Accounting Studies},
keywords = {anomalies \'{a} loss persistence,earnings forecasts \'{a} return},
month = may,
number = {3},
pages = {668--678},
title = {{Discussion of “How well do investors understand loss persistence?”}},
url = {http://www.springerlink.com/index/10.1007/s11142-011-9154-7},
volume = {16},
year = {2011}
}
@article{Ertimur2011,
author = {Ertimur, Yonca and Muslu, Volkan and Zhang, Frank},
doi = {10.1007/s11142-011-9163-6},
file = {:C$\backslash$:/Users/penarome/AppData/Local/Mendeley Ltd./Mendeley Desktop/Downloaded/Ertimur, Muslu, Zhang - 2011 - Why are recommendations optimistic Evidence from analysts’ coverage initiations.pdf:pdf},
issn = {1380-6653},
journal = {Review of Accounting Studies},
keywords = {analysts \'{a} conflicts of,interest \'{a} selection bias,\'{a} coverage initiations},
month = jul,
number = {4},
pages = {679--718},
title = {{Why are recommendations optimistic? Evidence from analysts’ coverage initiations}},
url = {http://www.springerlink.com/index/10.1007/s11142-011-9163-6},
volume = {16},
year = {2011}
}
@article{Mansi2010,
author = {Mansi, Sattar a. and Maxwell, William F. and Miller, Darius P.},
doi = {10.1007/s11142-010-9127-2},
file = {:C$\backslash$:/Users/penarome/AppData/Local/Mendeley Ltd./Mendeley Desktop/Downloaded/Mansi, Maxwell, Miller - 2010 - Analyst forecast characteristics and the cost of debt.pdf:pdf},
issn = {1380-6653},
journal = {Review of Accounting Studies},
keywords = {analyst forecasts \'{a} information,of debt,\'{a} disclosure \'{a} cost},
month = apr,
number = {1},
pages = {116--142},
title = {{Analyst forecast characteristics and the cost of debt}},
url = {http://www.springerlink.com/index/10.1007/s11142-010-9127-2},
volume = {16},
year = {2010}
}
@article{Erickson2012,
author = {Erickson, Merle and Wang, Shiing-Wu and Zhang, X. Frank},
doi = {10.1007/s11142-012-9184-9},
file = {:C$\backslash$:/Users/penarome/AppData/Local/Mendeley Ltd./Mendeley Desktop/Downloaded/Erickson, Wang, Zhang - 2012 - The change in information uncertainty and acquirer wealth losses.pdf:pdf},
issn = {1380-6653},
journal = {Review of Accounting Studies},
keywords = {information uncertainty \'{a} cost,of capital \'{a} stock,return \'{a} merger \'{a}},
month = feb,
title = {{The change in information uncertainty and acquirer wealth losses}},
url = {http://www.springerlink.com/index/10.1007/s11142-012-9184-9},
year = {2012}
}
@article{Ashton2012,
author = {Ashton, David and Wang, Pengguo},
doi = {10.1007/s11142-012-9208-5},
file = {:C$\backslash$:/Users/penarome/AppData/Local/Mendeley Ltd./Mendeley Desktop/Downloaded/Ashton, Wang - 2012 - Terminal valuations, growth rates and the implied cost of capital.pdf:pdf},
isbn = {1114201292085},
issn = {1380-6653},
journal = {Review of Accounting Studies},
keywords = {cost of capital \'{a},g12 \'{a} g14 \'{a},g17 \'{a} g31 \'{a},m41,rate \'{a} earnings forecasts,risk premium \'{a} growth},
month = aug,
title = {{Terminal valuations, growth rates and the implied cost of capital}},
url = {http://www.springerlink.com/index/10.1007/s11142-012-9208-5},
year = {2012}
}
@article{Haw2012,
author = {Haw, In-Mu and Hu, Bingbing and Lee, Jay Junghun and Wu, Woody},
doi = {10.1007/s11142-012-9181-z},
file = {:C$\backslash$:/Users/penarome/AppData/Local/Mendeley Ltd./Mendeley Desktop/Downloaded/Haw et al. - 2012 - Investor protection and price informativeness about future earnings international evidence.pdf:pdf},
issn = {1380-6653},
journal = {Review of Accounting Studies},
keywords = {earnings response coefficient,ferc,investor protection institutions \'{a},price informativeness \'{a} future,structural factors \'{a} cross-country,study,\'{a}},
month = feb,
number = {2},
pages = {389--419},
title = {{Investor protection and price informativeness about future earnings: international evidence}},
url = {http://www.springerlink.com/index/10.1007/s11142-012-9181-z},
volume = {17},
year = {2012}
}
@article{Kim2011a,
author = {Kim, Jeong-Bon and Tsui, Judy S. L. and Yi, Cheong H.},
doi = {10.1007/s11142-011-9148-5},
file = {:C$\backslash$:/Users/penarome/AppData/Local/Mendeley Ltd./Mendeley Desktop/Downloaded/Kim, Tsui, Yi - 2011 - The voluntary adoption of International Financial Reporting Standards and loan contracting around the world.pdf:pdf},
issn = {1380-6653},
journal = {Review of Accounting Studies},
keywords = {collateral \'{a} debt covenant,foreign banks,ifrs,international financial reporting standards,\'{a} loan spread \'{a},\'{a} syndicate structure \'{a}},
month = may,
number = {4},
pages = {779--811},
title = {{The voluntary adoption of International Financial Reporting Standards and loan contracting around the world}},
url = {http://www.springerlink.com/index/10.1007/s11142-011-9148-5},
volume = {16},
year = {2011}
}
@article{Kim2011,
author = {Kim, Yongtae and Park, Myung Seok},
doi = {10.1007/s11142-011-9178-z},
file = {:C$\backslash$:/Users/penarome/AppData/Local/Mendeley Ltd./Mendeley Desktop/Downloaded/Kim, Park - 2011 - Are all management earnings forecasts created equal Expectations management versus communication.pdf:pdf},
issn = {1380-6653},
journal = {Review of Accounting Studies},
month = nov,
title = {{Are all management earnings forecasts created equal? Expectations management versus communication}},
url = {http://www.springerlink.com/index/10.1007/s11142-011-9178-z},
year = {2011}
}
@article{Brown2011,
author = {Brown, Nerissa C. and Kimbrough, Michael D.},
doi = {10.1007/s11142-011-9151-x},
file = {:C$\backslash$:/Users/penarome/AppData/Local/Mendeley Ltd./Mendeley Desktop/Downloaded/Brown, Kimbrough - 2011 - Intangible investment and the importance of firm-specific factors in the determination of earnings.pdf:pdf},
issn = {1380-6653},
journal = {Review of Accounting Studies},
keywords = {assets \'{a} appropriability,earnings noncommonality \'{a} intangible},
month = may,
number = {3},
pages = {539--573},
title = {{Intangible investment and the importance of firm-specific factors in the determination of earnings}},
url = {http://www.springerlink.com/index/10.1007/s11142-011-9151-x},
volume = {16},
year = {2011}
}
@article{Shi2011,
author = {Shi, Linna and Zhang, Huai},
doi = {10.1007/s11142-011-9171-6},
file = {:C$\backslash$:/Users/penarome/AppData/Local/Mendeley Ltd./Mendeley Desktop/Downloaded/Shi, Zhang - 2011 - Can the earnings fixation hypothesis explain the accrual anomaly.pdf:pdf},
issn = {1380-6653},
journal = {Review of Accounting Studies},
keywords = {accrual anomaly \'{a} earnings,cash flows and accruals,earnings \'{a} persistence of,fixation hypothesis \'{a} responsiveness,of stock price to},
month = oct,
number = {1},
pages = {1--21},
title = {{Can the earnings fixation hypothesis explain the accrual anomaly?}},
url = {http://www.springerlink.com/index/10.1007/s11142-011-9171-6},
volume = {17},
year = {2011}
}
@article{Ertimur2009,
author = {Ertimur, Yonca and Mayew, William J. and Stubben, Stephen R.},
doi = {10.1007/s11142-009-9116-5},
file = {:C$\backslash$:/Users/penarome/AppData/Local/Mendeley Ltd./Mendeley Desktop/Downloaded/Ertimur, Mayew, Stubben - 2009 - Analyst reputation and the issuance of disaggregated earnings forecasts to IBES.pdf:pdf},
issn = {1380-6653},
journal = {Review of Accounting Studies},
keywords = {disaggregated earnings forecasts \'{a},revenue forecasts \'{a},security analysts \'{a} reputation},
month = dec,
number = {1},
pages = {29--58},
title = {{Analyst reputation and the issuance of disaggregated earnings forecasts to I/B/E/S}},
url = {http://www.springerlink.com/index/10.1007/s11142-009-9116-5},
volume = {16},
year = {2009}
}
@article{Cheynel2012,
author = {Cheynel, Edwige and Levine, Carolyn B.},
doi = {10.1007/s11142-012-9183-x},
file = {:C$\backslash$:/Users/penarome/AppData/Local/Mendeley Ltd./Mendeley Desktop/Downloaded/Cheynel, Levine - 2012 - Analysts’ sale and distribution of non fundamental information.pdf:pdf},
issn = {1380-6653},
journal = {Review of Accounting Studies},
keywords = {information sales \'{a},non fundamental information \'{a},securities regulation},
month = feb,
number = {2},
pages = {352--388},
title = {{Analysts’ sale and distribution of non fundamental information}},
url = {http://www.springerlink.com/index/10.1007/s11142-012-9183-x},
volume = {17},
year = {2012}
}
@article{Sloan2012,
author = {Sloan, Richard},
doi = {10.1007/s11142-012-9199-2},
file = {:C$\backslash$:/Users/penarome/AppData/Local/Mendeley Ltd./Mendeley Desktop/Downloaded/Sloan - 2012 - Editorial.pdf:pdf},
issn = {1380-6653},
journal = {Review of Accounting Studies},
month = jun,
number = {3},
pages = {473--473},
title = {{Editorial}},
url = {http://www.springerlink.com/index/10.1007/s11142-012-9199-2},
volume = {17},
year = {2012}
}
@article{Amir2010,
author = {Amir, Eli and Kama, Itay and Livnat, Joshua},
doi = {10.1007/s11142-010-9138-z},
file = {:C$\backslash$:/Users/penarome/AppData/Local/Mendeley Ltd./Mendeley Desktop/Downloaded/Amir, Kama, Livnat - 2010 - Conditional versus unconditional persistence of RNOA components implications for valuation.pdf:pdf},
issn = {1380-6653},
journal = {Review of Accounting Studies},
keywords = {financial analysis \'{a} ratios,persistence \'{a} dupont decomposition,\'{a} market reaction \'{a}},
month = may,
number = {2},
pages = {302--327},
title = {{Conditional versus unconditional persistence of RNOA components: implications for valuation}},
url = {http://www.springerlink.com/index/10.1007/s11142-010-9138-z},
volume = {16},
year = {2010}
}
@article{Barth2012a,
author = {Barth, Mary E. and Gow, Ian D. and Taylor, Daniel J.},
doi = {10.1007/s11142-012-9192-9},
file = {:C$\backslash$:/Users/penarome/AppData/Local/Mendeley Ltd./Mendeley Desktop/Downloaded/Barth, Gow, Taylor - 2012 - Why do pro forma and Street earnings not reflect changes in GAAP Evidence from SFAS 123R.pdf:pdf},
issn = {1380-6653},
journal = {Review of Accounting Studies},
keywords = {123r \'{a} non-gaap earnings,stock-based compensation \'{a} sfas,\'{a}},
month = jul,
number = {3},
pages = {526--562},
title = {{Why do pro forma and Street earnings not reflect changes in GAAP? Evidence from SFAS 123R}},
url = {http://www.springerlink.com/index/10.1007/s11142-012-9192-9},
volume = {17},
year = {2012}
}
@article{Jayaraman2012,
author = {Jayaraman, Sudarshan and Shivakumar, Lakshmanan},
file = {:C$\backslash$:/Users/penarome/AppData/Local/Mendeley Ltd./Mendeley Desktop/Downloaded/Jayaraman, Shivakumar - 2013 - Agency-based demand for conservatism evidence from state adoption of antitakeover laws.pdf:pdf},
issn = {1380-6653},
journal = {Review of Accounting Studies},
keywords = {anti-takeover laws \'{a} agency,asymmetric timely loss recognition,costs,\'{a} conditional conservatism \'{a}},
month = jul,
number = {1},
pages = {95--134},
title = {{Agency-based demand for conservatism: evidence from state adoption of antitakeover laws}},
volume = {18},
year = {2013}
}
@article{Shivakumar2011,
author = {Shivakumar, Lakshmanan and Urcan, Oktay and Vasvari, Florin P. and Zhang, Li},
doi = {10.1007/s11142-011-9155-6},
file = {:C$\backslash$:/Users/penarome/AppData/Local/Mendeley Ltd./Mendeley Desktop/Downloaded/Shivakumar et al. - 2011 - The debt market relevance of management earnings forecasts evidence from before and during the credit crisis.pdf:pdf},
issn = {1380-6653},
journal = {Review of Accounting Studies},
keywords = {credit default swaps \'{a},crisis,earnings announcements \'{a} credit,management earnings forecasts \'{a}},
month = may,
number = {3},
pages = {464--486},
title = {{The debt market relevance of management earnings forecasts: evidence from before and during the credit crisis}},
url = {http://www.springerlink.com/index/10.1007/s11142-011-9155-6},
volume = {16},
year = {2011}
}
@article{Burton2011,
author = {Burton, F. Greg and Wilks, T. Jeffrey and Zimbelman, Mark F.},
doi = {10.1007/s11142-011-9152-9},
file = {:C$\backslash$:/Users/penarome/AppData/Local/Mendeley Ltd./Mendeley Desktop/Downloaded/Burton, Wilks, Zimbelman - 2011 - The impact of audit penalty distributions on the detection and frequency of fraudulent reporting.pdf:pdf},
issn = {1380-6653},
journal = {Review of Accounting Studies},
keywords = {audit penalty \'{a} fraud,prospect theory,\'{a} legal regime \'{a}},
month = may,
number = {4},
pages = {843--865},
title = {{The impact of audit penalty distributions on the detection and frequency of fraudulent reporting}},
url = {http://www.springerlink.com/index/10.1007/s11142-011-9152-9},
volume = {16},
year = {2011}
}
@article{Nissim2012,
author = {Nissim, Doron},
doi = {10.1007/s11142-012-9213-8},
file = {:C$\backslash$:/Users/penarome/AppData/Local/Mendeley Ltd./Mendeley Desktop/Downloaded/Nissim - 2012 - Relative valuation of U.S. insurance companies.pdf:pdf},
issn = {1380-6653},
journal = {Review of Accounting Studies},
keywords = {companies \'{a} price multiples,earnings quality \'{a} comprehensive,income,relative valuation \'{a} insurance,\'{a}},
month = oct,
title = {{Relative valuation of U.S. insurance companies}},
url = {http://www.springerlink.com/index/10.1007/s11142-012-9213-8},
year = {2012}
}
@article{Drake2009,
author = {Drake, Michael S. and Myers, Linda a.},
doi = {10.1007/s11142-009-9118-3},
file = {:C$\backslash$:/Users/penarome/AppData/Local/Mendeley Ltd./Mendeley Desktop/Downloaded/Drake, Myers - 2009 - Analysts’ accrual-related over-optimism do analyst characteristics play a role.pdf:pdf},
issn = {1380-6653},
journal = {Review of Accounting Studies},
keywords = {analyst forecasts \'{a} analyst,analyst optimism \'{a} working,capital accruals,experience \'{a} brokerage size,\'{a}},
month = dec,
number = {1},
pages = {59--88},
title = {{Analysts’ accrual-related over-optimism: do analyst characteristics play a role?}},
url = {http://www.springerlink.com/index/10.1007/s11142-009-9118-3},
volume = {16},
year = {2009}
}
@article{Dyreng2012,
author = {Dyreng, Scott D. and Hanlon, Michelle and Maydew, Edward L.},
doi = {10.1007/s11142-012-9194-7},
file = {:C$\backslash$:/Users/penarome/AppData/Local/Mendeley Ltd./Mendeley Desktop/Downloaded/Dyreng, Hanlon, Maydew - 2012 - Where do firms manage earnings.pdf:pdf},
issn = {1380-6653},
journal = {Review of Accounting Studies},
keywords = {d22 \'{a} m40 \'{a},earnings management \'{a} rule,havens \'{a} multinational firms,m41 \'{a} m42,of law \'{a} tax},
month = jun,
number = {3},
pages = {649--687},
title = {{Where do firms manage earnings?}},
url = {http://www.springerlink.com/index/10.1007/s11142-012-9194-7},
volume = {17},
year = {2012}
}
@article{Baginski2011,
author = {Baginski, Stephen P. and Rakow, Kenneth C.},
doi = {10.1007/s11142-011-9173-4},
file = {:C$\backslash$:/Users/penarome/AppData/Local/Mendeley Ltd./Mendeley Desktop/Downloaded/Baginski, Rakow - 2011 - Management earnings forecast disclosure policy and the cost of equity capital.pdf:pdf},
issn = {1380-6653},
journal = {Review of Accounting Studies},
keywords = {cost of equity capital,management earnings forecasts,\'{a} voluntary disclosure \'{a}},
month = dec,
number = {2},
pages = {279--321},
title = {{Management earnings forecast disclosure policy and the cost of equity capital}},
url = {http://www.springerlink.com/index/10.1007/s11142-011-9173-4},
volume = {17},
year = {2011}
}
@article{Choi2010,
author = {Choi, Jong-Hag and Myers, Linda a. and Zang, Yoonseok and Ziebart, David a.},
doi = {10.1007/s11142-010-9131-6},
file = {:C$\backslash$:/Users/penarome/AppData/Local/Mendeley Ltd./Mendeley Desktop/Downloaded/Choi et al. - 2010 - Do management EPS forecasts allow returns to reflect future earnings Implications for the continuation of managemen.pdf:pdf},
issn = {1380-6653},
journal = {Review of Accounting Studies},
month = apr,
number = {1},
pages = {143--182},
title = {{Do management EPS forecasts allow returns to reflect future earnings? Implications for the continuation of management’s quarterly earnings guidance}},
url = {http://www.springerlink.com/index/10.1007/s11142-010-9131-6},
volume = {16},
year = {2010}
}
@article{Christensen2012a,
author = {Christensen, Theodore E.},
doi = {10.1007/s11142-012-9197-4},
file = {:C$\backslash$:/Users/penarome/AppData/Local/Mendeley Ltd./Mendeley Desktop/Downloaded/Christensen - 2012 - Discussion of “Why do pro forma and street earnings not reflect changes in GAAP Evidence from SFAS 123R”.pdf:pdf},
issn = {1380-6653},
journal = {Review of Accounting Studies},
keywords = {pro forma earnings \'{a},stock compensation expense \'{a},street earnings},
month = jul,
number = {3},
pages = {563--571},
title = {{Discussion of “Why do pro forma and street earnings not reflect changes in GAAP? Evidence from SFAS 123R”}},
url = {http://www.springerlink.com/index/10.1007/s11142-012-9197-4},
volume = {17},
year = {2012}
}
@article{Skinner2009,
author = {Skinner, Douglas J. and Soltes, Eugene},
doi = {10.1007/s11142-009-9113-8},
file = {:C$\backslash$:/Users/penarome/AppData/Local/Mendeley Ltd./Mendeley Desktop/Downloaded/Skinner, Soltes - 2009 - What do dividends tell us about earnings quality.pdf:pdf},
issn = {1380-6653},
journal = {Review of Accounting Studies},
keywords = {dividends \'{a} earnings quality,stock repurchases,\'{a} payout policy \'{a}},
month = sep,
number = {1},
pages = {1--28},
title = {{What do dividends tell us about earnings quality?}},
url = {http://www.springerlink.com/index/10.1007/s11142-009-9113-8},
volume = {16},
year = {2009}
}
@article{Moser2011,
author = {Moser, William and Newberry, Kaye and Puckett, Andy},
doi = {10.1007/s11142-011-9143-x},
file = {:C$\backslash$:/Users/penarome/AppData/Local/Mendeley Ltd./Mendeley Desktop/Downloaded/Moser, Newberry, Puckett - 2011 - Bank debt covenants and firms’ responses to FAS 150 liability recognition evidence from trust preferre.pdf:pdf},
issn = {1380-6653},
journal = {Review of Accounting Studies},
keywords = {bank debt \'{a} debt,covenants \'{a} trust preferred,g21 \'{a} g32 \'{a},k12 \'{a} m40,stock \'{a} fas 150},
month = mar,
number = {2},
pages = {355--376},
title = {{Bank debt covenants and firms’ responses to FAS 150 liability recognition: evidence from trust preferred stock}},
url = {http://www.springerlink.com/index/10.1007/s11142-011-9143-x},
volume = {16},
year = {2011}
}
@article{Li2011,
author = {Li, Kevin Ke},
doi = {10.1007/s11142-011-9157-4},
file = {:C$\backslash$:/Users/penarome/AppData/Local/Mendeley Ltd./Mendeley Desktop/Downloaded/Li - 2011 - How well do investors understand loss persistence.pdf:pdf},
issn = {1380-6653},
journal = {Review of Accounting Studies},
keywords = {loss persistence \'{a} investor,market efficiency \'{a} abnormal,optimism \'{a} behavioral heuristics,stock returns,\'{a}},
month = jun,
number = {3},
pages = {630--667},
title = {{How well do investors understand loss persistence?}},
url = {http://www.springerlink.com/index/10.1007/s11142-011-9157-4},
volume = {16},
year = {2011}
}
@article{Impink2011,
author = {Impink, Joost and Lubberink, Martien and Praag, Bart and Veenman, David},
doi = {10.1007/s11142-011-9172-5},
file = {:C$\backslash$:/Users/penarome/AppData/Local/Mendeley Ltd./Mendeley Desktop/Downloaded/Impink et al. - 2011 - Did accelerated filing requirements and SOX Section 404 affect the timeliness of 10-K filings.pdf:pdf},
issn = {1380-6653},
journal = {Review of Accounting Studies},
month = oct,
number = {2},
pages = {227--253},
title = {{Did accelerated filing requirements and SOX Section 404 affect the timeliness of 10-K filings?}},
url = {http://www.springerlink.com/index/10.1007/s11142-011-9172-5},
volume = {17},
year = {2011}
}
@article{Dikolli2012,
author = {Dikolli, Shane S. and Hofmann, Christian and Pfeiffer, Thomas},
doi = {10.1007/s11142-012-9212-9},
file = {:C$\backslash$:/Users/penarome/AppData/Local/Mendeley Ltd./Mendeley Desktop/Downloaded/Dikolli, Hofmann, Pfeiffer - 2012 - Relative performance evaluation and peer-performance summarization errors.pdf:pdf},
issn = {1380-6653},
journal = {Review of Accounting Studies},
keywords = {compensation \'{a} summarization error,peer group \'{a} aggregation,relative performance evaluation \'{a},\'{a} incentive},
month = oct,
title = {{Relative performance evaluation and peer-performance summarization errors}},
url = {http://www.springerlink.com/index/10.1007/s11142-012-9212-9},
year = {2012}
}
@article{Monahan2011,
author = {Monahan, Steven J.},
doi = {10.1007/s11142-011-9146-7},
file = {:C$\backslash$:/Users/penarome/AppData/Local/Mendeley Ltd./Mendeley Desktop/Downloaded/Monahan - 2011 - Discussion of “Using earnings forecasts to simultaneously estimate firm-specific cost of equity and long-term growth”.pdf:pdf},
issn = {1380-6653},
journal = {Review of Accounting Studies},
keywords = {accounting-based valuation \'{a} conservatism,capital \'{a} growth \'{a},forecasting,income valuation \'{a} steady-state,irrelevance \'{a} expected rate,of return on equity,residual,\'{a} dividend-policy},
month = may,
number = {3},
pages = {458--463},
title = {{Discussion of “Using earnings forecasts to simultaneously estimate firm-specific cost of equity and long-term growth”}},
url = {http://www.springerlink.com/index/10.1007/s11142-011-9146-7},
volume = {16},
year = {2011}
}
@article{Lok2011,
author = {Lok, Stephen and Richardson, Scott},
doi = {10.1007/s11142-011-9147-6},
file = {:C$\backslash$:/Users/penarome/AppData/Local/Mendeley Ltd./Mendeley Desktop/Downloaded/Lok, Richardson - 2011 - Credit markets and financial information.pdf:pdf},
issn = {1380-6653},
journal = {Review of Accounting Studies},
keywords = {cds \'{a} bonds,information \'{a} credit markets,\'{a} capital structure \'{a}},
month = may,
number = {3},
pages = {487--500},
title = {{Credit markets and financial information}},
url = {http://www.springerlink.com/index/10.1007/s11142-011-9147-6},
volume = {16},
year = {2011}
}
@article{Pfeiffer2011,
author = {Pfeiffer, Thomas and Schiller, Ulf and Wagner, Joachim},
doi = {10.1007/s11142-011-9140-0},
file = {:C$\backslash$:/Users/penarome/AppData/Local/Mendeley Ltd./Mendeley Desktop/Downloaded/Pfeiffer, Schiller, Wagner - 2011 - Cost-based transfer pricing.pdf:pdf},
issn = {1380-6653},
journal = {Review of Accounting Studies},
keywords = {betriebswirtschaftliches zentrum,bwz,investments \'{a} actual costs,pfeiffer,t,transfer pricing \'{a} specific,university of vienna,wagner,\'{a} j,\'{a} standard costs},
month = apr,
number = {2},
pages = {219--246},
title = {{Cost-based transfer pricing}},
url = {http://www.springerlink.com/index/10.1007/s11142-011-9140-0},
volume = {16},
year = {2011}
}
@article{Cecchini2011,
author = {Cecchini, Mark and Jackson, Scott B. and Liu, Xiaotao},
doi = {10.1007/s11142-011-9160-9},
file = {:C$\backslash$:/Users/penarome/AppData/Local/Mendeley Ltd./Mendeley Desktop/Downloaded/Cecchini, Jackson, Liu - 2012 - Do initial public offering firms manage accruals Evidence from individual accounts.pdf:pdf},
isbn = {1114201191609},
issn = {1380-6653},
journal = {Review of Accounting Studies},
keywords = {allowance for uncollectible accounts,earnings management \'{a},initial public offering \'{a},\'{a} bad debt expense},
month = jun,
number = {1},
pages = {22--40},
title = {{Do initial public offering firms manage accruals? Evidence from individual accounts}},
url = {http://www.springerlink.com/index/10.1007/s11142-011-9160-9},
volume = {17},
year = {2011}
}
@article{Kim2012,
author = {Kim, Jeong-Bon and Shi, Haina},
doi = {10.1007/s11142-012-9190-y},
file = {:C$\backslash$:/Users/penarome/AppData/Local/Mendeley Ltd./Mendeley Desktop/Downloaded/Kim, Shi - 2012 - IFRS reporting, firm-specific information flows, and institutional environments international evidence.pdf:pdf},
issn = {1380-6653},
journal = {Review of Accounting Studies},
keywords = {coverage \'{a} institutional environment,ifrs,information flows \'{a} analyst,international financial reporting standards,\'{a} firm-specific},
month = jun,
number = {3},
pages = {474--517},
title = {{IFRS reporting, firm-specific information flows, and institutional environments: international evidence}},
url = {http://www.springerlink.com/index/10.1007/s11142-012-9190-y},
volume = {17},
year = {2012}
}
@article{Frankel2011,
author = {Frankel, Richard and McVay, Sarah and Soliman, Mark},
doi = {10.1007/s11142-011-9166-3},
file = {:C$\backslash$:/Users/penarome/AppData/Local/Mendeley Ltd./Mendeley Desktop/Downloaded/Frankel, McVay, Soliman - 2011 - Non-GAAP earnings and board independence.pdf:pdf},
issn = {1380-6653},
journal = {Review of Accounting Studies},
keywords = {board independence \'{a} non-gaap,earnings \'{a} earnings persistence},
month = jul,
number = {4},
pages = {719--744},
title = {{Non-GAAP earnings and board independence}},
url = {http://www.springerlink.com/index/10.1007/s11142-011-9166-3},
volume = {16},
year = {2011}
}
@article{Mayew2012,
author = {Mayew, William J. and Sharp, Nathan Y. and Venkatachalam, Mohan},
doi = {10.1007/s11142-012-9210-y},
file = {:C$\backslash$:/Users/penarome/AppData/Local/Mendeley Ltd./Mendeley Desktop/Downloaded/Mayew, Sharp, Venkatachalam - 2012 - Using earnings conference calls to identify analysts with superior private information.pdf:pdf},
issn = {1380-6653},
journal = {Review of Accounting Studies},
month = sep,
title = {{Using earnings conference calls to identify analysts with superior private information}},
url = {http://www.springerlink.com/index/10.1007/s11142-012-9210-y},
year = {2012}
}
@article{Li2011a,
author = {Li, Zining and Shroff, Pervin K. and Venkataraman, Ramgopal and Zhang, Ivy Xiying},
doi = {10.1007/s11142-011-9167-2},
file = {:C$\backslash$:/Users/penarome/AppData/Local/Mendeley Ltd./Mendeley Desktop/Downloaded/Li et al. - 2011 - Causes and consequences of goodwill impairment losses.pdf:pdf},
issn = {1380-6653},
journal = {Review of Accounting Studies},
keywords = {121 \'{a} sfas 142,goodwill write-off \'{a} sfas,managerial discretion,\'{a} acquisitions \'{a}},
month = jul,
number = {4},
pages = {745--778},
title = {{Causes and consequences of goodwill impairment losses}},
url = {http://www.springerlink.com/index/10.1007/s11142-011-9167-2},
volume = {16},
year = {2011}
}
@article{Makar2012,
author = {Makar, Stephen and Wang, Li and Alam, Pervaiz},
doi = {10.1007/s11142-012-9201-z},
file = {:C$\backslash$:/Users/penarome/AppData/Local/Mendeley Ltd./Mendeley Desktop/Downloaded/Makar, Wang, Alam - 2012 - The mixed attribute model in SFAS 133 cash flow hedge accounting implications for market pricing.pdf:pdf},
issn = {1380-6653},
journal = {Review of Accounting Studies},
keywords = {attribute,derivatives \'{a} hedge accounting,\'{a} mispricing \'{a} mixed},
month = jun,
title = {{The mixed attribute model in SFAS 133 cash flow hedge accounting: implications for market pricing}},
url = {http://www.springerlink.com/index/10.1007/s11142-012-9201-z},
year = {2012}
}
@article{Walther2012,
author = {Walther, Beverly R. and Willis, Richard H.},
doi = {10.1007/s11142-012-9204-9},
file = {:C$\backslash$:/Users/penarome/AppData/Local/Mendeley Ltd./Mendeley Desktop/Downloaded/Walther, Willis - 2012 - Do investor expectations affect sell-side analysts’ forecast bias and forecast accuracy.pdf:pdf},
issn = {1380-6653},
journal = {Review of Accounting Studies},
keywords = {accuracy \'{a} forecast bias,market reaction \'{a} investor,security analysts \'{a} forecast,sentiment,\'{a}},
month = jul,
title = {{Do investor expectations affect sell-side analysts’ forecast bias and forecast accuracy?}},
url = {http://www.springerlink.com/index/10.1007/s11142-012-9204-9},
year = {2012}
}
@article{Roulstone2011,
author = {Roulstone, Darren T.},
doi = {10.1007/s11142-011-9149-4},
file = {:C$\backslash$:/Users/penarome/AppData/Local/Mendeley Ltd./Mendeley Desktop/Downloaded/Roulstone - 2011 - Discussion of “intangible investment and the importance of firm-specific factors in the determination of earnings”.pdf:pdf},
isbn = {1114201191494},
issn = {1380-6653},
journal = {Review of Accounting Studies},
month = may,
number = {3},
pages = {574--586},
title = {{Discussion of “intangible investment and the importance of firm-specific factors in the determination of earnings”}},
url = {http://www.springerlink.com/index/10.1007/s11142-011-9149-4},
volume = {16},
year = {2011}
}
@article{Christensen2011,
author = {Christensen, Theodore E. and Merkley, Kenneth J. and Tucker, Jennifer Wu and Venkataraman, Shankar},
doi = {10.1007/s11142-011-9158-3},
file = {:C$\backslash$:/Users/penarome/AppData/Local/Mendeley Ltd./Mendeley Desktop/Downloaded/Christensen et al. - 2011 - Do managers use earnings guidance to influence street earnings exclusions.pdf:pdf},
issn = {1380-6653},
journal = {Review of Accounting Studies},
month = may,
number = {3},
pages = {501--527},
title = {{Do managers use earnings guidance to influence street earnings exclusions?}},
url = {http://www.springerlink.com/index/10.1007/s11142-011-9158-3},
volume = {16},
year = {2011}
}
@article{Bradshaw2012,
author = {Bradshaw, Mark T. and Drake, Michael S. and Myers, James N. and Myers, Linda a.},
doi = {10.1007/s11142-012-9185-8},
file = {:C$\backslash$:/Users/penarome/AppData/Local/Mendeley Ltd./Mendeley Desktop/Downloaded/Bradshaw et al. - 2012 - A re-examination of analysts’ superiority over time-series forecasts of annual earnings.pdf:pdf},
issn = {1380-6653},
journal = {Review of Accounting Studies},
keywords = {analyst forecasts \'{a} time-series,analysts,forecasts \'{a} random walk,superiority,\'{a}},
month = feb,
title = {{A re-examination of analysts’ superiority over time-series forecasts of annual earnings}},
url = {http://www.springerlink.com/index/10.1007/s11142-012-9185-8},
year = {2012}
}
@article{Jung2012,
author = {Jung, Michael J.},
doi = {10.1007/s11142-012-9209-4},
file = {:C$\backslash$:/Users/penarome/AppData/Local/Mendeley Ltd./Mendeley Desktop/Downloaded/Jung - 2012 - Investor overlap and diffusion of disclosure practices.pdf:pdf},
issn = {1380-6653},
journal = {Review of Accounting Studies},
keywords = {diffusion \'{a} market risk,disclosures,investors \'{a} investor overlap,voluntary disclosure \'{a} institutional,\'{a}},
month = aug,
title = {{Investor overlap and diffusion of disclosure practices}},
url = {http://www.springerlink.com/index/10.1007/s11142-012-9209-4},
year = {2012}
}
@article{Koh2012,
author = {Koh, Kevin and Rajgopal, Shiva and Srinivasan, Suraj},
doi = {10.1007/s11142-012-9187-6},
file = {:C$\backslash$:/Users/penarome/AppData/Local/Mendeley Ltd./Mendeley Desktop/Downloaded/Koh, Rajgopal, Srinivasan - 2012 - Non-audit services and financial reporting quality evidence from 1978 to 1980.pdf:pdf},
issn = {1380-6653},
journal = {Review of Accounting Studies},
keywords = {audit fees \'{a} earnings,management \'{a} earnings quality,non-audit services \'{a} audit,quality \'{a} auditor independence,\'{a}},
month = apr,
title = {{Non-audit services and financial reporting quality: evidence from 1978 to 1980}},
url = {http://www.springerlink.com/index/10.1007/s11142-012-9187-6},
year = {2012}
}
@article{Armstrong2012,
author = {Armstrong, Christopher S. and Ittner, Christopher D. and Larcker, David F.},
doi = {10.1007/s11142-012-9182-y},
file = {:C$\backslash$:/Users/penarome/AppData/Local/Mendeley Ltd./Mendeley Desktop/Downloaded/Armstrong, Ittner, Larcker - 2012 - Corporate governance, compensation consultants, and CEO pay levels.pdf:pdf},
issn = {1380-6653},
journal = {Review of Accounting Studies},
keywords = {compensation consultants,equity incentives \'{a} corporate,governance \'{a} executive compensation,\'{a}},
month = mar,
number = {2},
pages = {322--351},
title = {{Corporate governance, compensation consultants, and CEO pay levels}},
url = {http://www.springerlink.com/index/10.1007/s11142-012-9182-y},
volume = {17},
year = {2012}
}
@article{GarciaLara2010,
author = {{Garc\'{\i}a Lara}, Juan Manuel and {Garc\'{\i}a Osma}, Beatriz and Penalva, Fernando},
doi = {10.1007/s11142-010-9133-4},
file = {:C$\backslash$:/Users/penarome/AppData/Local/Mendeley Ltd./Mendeley Desktop/Downloaded/Garc\'{\i}a Lara, Garc\'{\i}a Osma, Penalva - 2010 - Conditional conservatism and cost of capital.pdf:pdf},
issn = {1380-6653},
journal = {Review of Accounting Studies},
keywords = {capital \'{a},conditional conservatism \'{a} asymmetric,information precision \'{a} uncertainty,reporting \'{a} cost of},
month = may,
number = {2},
pages = {247--271},
title = {{Conditional conservatism and cost of capital}},
url = {http://www.springerlink.com/index/10.1007/s11142-010-9133-4},
volume = {16},
year = {2010}
}
@article{Christensen2012,
author = {Christensen, Hans B.},
doi = {10.1007/s11142-012-9202-y},
file = {:C$\backslash$:/Users/penarome/AppData/Local/Mendeley Ltd./Mendeley Desktop/Downloaded/Christensen - 2012 - Why do firms rarely adopt IFRS voluntarily Academics find significant benefits and the costs appear to be low.pdf:pdf},
issn = {1380-6653},
journal = {Review of Accounting Studies},
keywords = {accounting standards,ias,ifrs,international accounting \'{a} international,international financial reporting standards,\'{a}},
month = jul,
number = {3},
pages = {518--525},
title = {{Why do firms rarely adopt IFRS voluntarily? Academics find significant benefits and the costs appear to be low}},
url = {http://www.springerlink.com/index/10.1007/s11142-012-9202-y},
volume = {17},
year = {2012}
}
@article{Donelson2012,
author = {Donelson, Dain C. and Resutek, Robert J.},
doi = {10.1007/s11142-011-9179-y},
file = {:C$\backslash$:/Users/penarome/AppData/Local/Mendeley Ltd./Mendeley Desktop/Downloaded/Donelson, Resutek - 2012 - The effect of R\&D on future returns and earnings forecasts.pdf:pdf},
issn = {1380-6653},
journal = {Review of Accounting Studies},
keywords = {d \'{a} value,earnings forecasts \'{a} analysts,growth \'{a} investment \'{a},mispricing \'{a},r},
month = jan,
title = {{The effect of R\&D on future returns and earnings forecasts}},
url = {http://www.springerlink.com/index/10.1007/s11142-011-9179-y},
year = {2012}
}
@article{Yu2011,
author = {Yu, Hung-Chao},
doi = {10.1007/s11142-011-9141-z},
file = {:C$\backslash$:/Users/penarome/AppData/Local/Mendeley Ltd./Mendeley Desktop/Downloaded/Yu - 2011 - Legal systems and auditor independence.pdf:pdf},
issn = {1380-6653},
journal = {Review of Accounting Studies},
keywords = {audit failure \'{a} auditor,experimental economics \'{a} legal,independence \'{a} damage apportionment,regime \'{a} moral reasoning,rule \'{a}},
month = may,
number = {2},
pages = {377--411},
title = {{Legal systems and auditor independence}},
url = {http://www.springerlink.com/index/10.1007/s11142-011-9141-z},
volume = {16},
year = {2011}
}
@article{Peterson2011,
author = {Peterson, Kyle},
doi = {10.1007/s11142-011-9164-5},
file = {:C$\backslash$:/Users/penarome/AppData/Local/Mendeley Ltd./Mendeley Desktop/Downloaded/Peterson - 2012 - and the consequences of misreporting.pdf:pdf},
issn = {1380-6653},
journal = {Review of Accounting Studies},
keywords = {complexity \'{a} restatement consequences,misreporting \'{a} restatement \'{a},revenue recognition \'{a} accounting},
month = jul,
number = {1},
pages = {72--95},
title = {{Accounting complexity, misreporting, and the consequences of misreporting}},
url = {http://www.springerlink.com/index/10.1007/s11142-011-9164-5},
volume = {17},
year = {2011}
}
@article{Chen2011,
author = {Chen, Qi and Hemmer, Thomas and Zhang, Yun},
doi = {10.1007/s11142-011-9142-y},
file = {:C$\backslash$:/Users/penarome/AppData/Local/Mendeley Ltd./Mendeley Desktop/Downloaded/Chen, Hemmer, Zhang - 2011 - On the optimal use of loose monitoring in agencies.pdf:pdf},
issn = {1380-6653},
journal = {Review of Accounting Studies},
keywords = {d82 \'{a} d86 \'{a},j33 \'{a} j41,monitoring,pay \'{a} performance measurement,\'{a} information system \'{a}},
month = apr,
number = {2},
pages = {328--354},
title = {{On the optimal use of loose monitoring in agencies}},
url = {http://www.springerlink.com/index/10.1007/s11142-011-9142-y},
volume = {16},
year = {2011}
}
@article{Larocque2012,
author = {Larocque, Stephannie},
doi = {10.1007/s11142-012-9207-6},
file = {:C$\backslash$:/Users/penarome/AppData/Local/Mendeley Ltd./Mendeley Desktop/Downloaded/Larocque - 2012 - Analysts’ earnings forecast errors and cost of equity capital estimates.pdf:pdf},
issn = {1380-6653},
journal = {Review of Accounting Studies},
keywords = {analyst forecasts \'{a} expected,cost of capital \'{a},returns},
month = aug,
number = {2011},
title = {{Analysts’ earnings forecast errors and cost of equity capital estimates}},
url = {http://www.springerlink.com/index/10.1007/s11142-012-9207-6},
year = {2012}
}
@article{Beyer2012,
author = {Beyer, Anne and Dye, Ronald a.},
doi = {10.1007/s11142-011-9180-5},
file = {:C$\backslash$:/Users/penarome/AppData/Local/Mendeley Ltd./Mendeley Desktop/Downloaded/Beyer, Dye - 2012 - Reputation management and the disclosure of earnings forecasts.pdf:pdf},
issn = {1380-6653},
journal = {Review of Accounting Studies},
keywords = {reputation \'{a} forecasts \'{a},voluntary disclosure \'{a} valuation},
month = jan,
title = {{Reputation management and the disclosure of earnings forecasts}},
url = {http://www.springerlink.com/index/10.1007/s11142-011-9180-5},
year = {2012}
}
@article{Feltham2011,
author = {Feltham, Gerald a. and Hofmann, Christian},
doi = {10.1007/s11142-011-9175-2},
file = {:C$\backslash$:/Users/penarome/AppData/Local/Mendeley Ltd./Mendeley Desktop/Downloaded/Feltham, Hofmann - 2011 - Information suppression in multi-agent contracting.pdf:pdf},
issn = {1380-6653},
journal = {Review of Accounting Studies},
keywords = {incentives \'{a} inter-agent negotiations,performance evaluation,performance evaluation \'{a} relative,\'{a} multi-agent contracting \'{a}},
month = nov,
number = {2},
pages = {254--278},
title = {{Information suppression in multi-agent contracting}},
url = {http://www.springerlink.com/index/10.1007/s11142-011-9175-2},
volume = {17},
year = {2011}
}
@article{Wahlen2010,
author = {Wahlen, James M. and Wieland, Matthew M.},
doi = {10.1007/s11142-010-9124-5},
file = {:C$\backslash$:/Users/penarome/AppData/Local/Mendeley Ltd./Mendeley Desktop/Downloaded/Wahlen, Wieland - 2010 - Can financial statement analysis beat consensus analysts’ recommendations.pdf:pdf},
issn = {1380-6653},
journal = {Review of Accounting Studies},
keywords = {analysts,consensus recommendations \'{a} abnormal,earnings predictions \'{a} financial,returns \'{a} sell side,statement analysis \'{a}},
month = mar,
number = {1},
pages = {89--115},
title = {{Can financial statement analysis beat consensus analysts’ recommendations?}},
url = {http://www.springerlink.com/index/10.1007/s11142-010-9124-5},
volume = {16},
year = {2010}
}
@article{Lo2012,
author = {Lo, Kin},
doi = {10.1007/s11142-012-9195-6},
file = {:C$\backslash$:/Users/penarome/AppData/Local/Mendeley Ltd./Mendeley Desktop/Downloaded/Lo - 2012 - What do analysts do Discussion of “Information interpretation or information discovery which role of analysts do investors v.pdf:pdf},
issn = {1380-6653},
journal = {Review of Accounting Studies},
keywords = {analyst research \'{a} information,content \'{a} earnings announcements,information discovery,\'{a}},
month = jun,
number = {3},
pages = {642--648},
title = {{What do analysts do? Discussion of “Information interpretation or information discovery: which role of analysts do investors value more?”}},
url = {http://www.springerlink.com/index/10.1007/s11142-012-9195-6},
volume = {17},
year = {2012}
}
@article{Ettredge2011,
author = {Ettredge, Mike and Johnstone, Karla and Stone, Mary and Wang, Qian},
doi = {10.1007/s11142-011-9153-8},
file = {:C$\backslash$:/Users/penarome/AppData/Local/Mendeley Ltd./Mendeley Desktop/Downloaded/Ettredge et al. - 2011 - The effects of firm size, corporate governance quality, and bad news on disclosure compliance.pdf:pdf},
issn = {1380-6653},
journal = {Review of Accounting Studies},
keywords = {auditor change \'{a} compliance,sec staff comment letters,\'{a} mandatory disclosure \'{a},\'{a} size-based regulation},
month = may,
number = {4},
pages = {866--889},
title = {{The effects of firm size, corporate governance quality, and bad news on disclosure compliance}},
url = {http://www.springerlink.com/index/10.1007/s11142-011-9153-8},
volume = {16},
year = {2011}
}
@article{Caskey2011,
author = {Caskey, Judson and Hughes, John and Liu, Jing},
doi = {10.1007/s11142-011-9176-1},
file = {:C$\backslash$:/Users/penarome/AppData/Local/Mendeley Ltd./Mendeley Desktop/Downloaded/Caskey, Hughes, Liu - 2011 - Leverage, excess leverage, and future returns.pdf:pdf},
issn = {1380-6653},
journal = {Review of Accounting Studies},
keywords = {inefficiency \'{a},leverage \'{a} excess leverage,stock market anomaly,\'{a} kink \'{a} market},
month = nov,
number = {2},
pages = {443--471},
title = {{Leverage, excess leverage, and future returns}},
url = {http://www.springerlink.com/index/10.1007/s11142-011-9176-1},
volume = {17},
year = {2011}
}
@article{Einhorn2011,
author = {Einhorn, Eti and Ziv, Amir},
doi = {10.1007/s11142-011-9177-0},
file = {:C$\backslash$:/Users/penarome/AppData/Local/Mendeley Ltd./Mendeley Desktop/Downloaded/Einhorn, Ziv - 2011 - Biased voluntary disclosure.pdf:pdf},
issn = {1380-6653},
journal = {Review of Accounting Studies},
keywords = {bias \'{a} earnings management,financial accounting \'{a} asymmetric,information \'{a},voluntary disclosure \'{a} reporting},
month = dec,
number = {2},
pages = {420--442},
title = {{Biased voluntary disclosure}},
url = {http://www.springerlink.com/index/10.1007/s11142-011-9177-0},
volume = {17},
year = {2011}
}
@article{Beaver2012,
author = {Beaver, William H. and Correia, Maria and McNichols, Maureen F.},
doi = {10.1007/s11142-012-9186-7},
file = {:C$\backslash$:/Users/penarome/AppData/Local/Mendeley Ltd./Mendeley Desktop/Downloaded/Beaver, Correia, McNichols - 2012 - Do differences in financial reporting attributes impair the predictive ability of financial ratios f.pdf:pdf},
issn = {1380-6653},
journal = {Review of Accounting Studies},
keywords = {bankruptcy \'{a} accounting information,g33 \'{a} c41,m41 \'{a} g14 \'{a},\'{a} financial ratios},
month = apr,
title = {{Do differences in financial reporting attributes impair the predictive ability of financial ratios for bankruptcy?}},
url = {http://www.springerlink.com/index/10.1007/s11142-012-9186-7},
year = {2012}
}
@article{Balachandran2010,
author = {Balachandran, Sudhakar and Mohanram, Partha},
doi = {10.1007/s11142-010-9137-0},
file = {:C$\backslash$:/Users/penarome/AppData/Local/Mendeley Ltd./Mendeley Desktop/Downloaded/Balachandran, Mohanram - 2010 - Is the decline in the value relevance of accounting driven by increased conservatism.pdf:pdf},
issn = {1380-6653},
journal = {Review of Accounting Studies},
keywords = {conservatism \'{a} book value,\'{a} value relevance},
month = jun,
number = {2},
pages = {272--301},
title = {{Is the decline in the value relevance of accounting driven by increased conservatism?}},
url = {http://www.springerlink.com/index/10.1007/s11142-010-9137-0},
volume = {16},
year = {2010}
}
@article{Burks2011,
author = {Burks, Jeffrey J.},
doi = {10.1007/s11142-011-9145-8},
file = {:C$\backslash$:/Users/penarome/AppData/Local/Mendeley Ltd./Mendeley Desktop/Downloaded/Burks - 2011 - Discussion of The option market’s anticipation of information content in earnings announcements.pdf:pdf},
issn = {1380-6653},
journal = {Review of Accounting Studies},
keywords = {announcements \'{a} implied volatility,anticipated information content \'{a},earnings response coefficients,return-earnings relation \'{a},stock options \'{a} earnings,\'{a}},
month = may,
number = {3},
pages = {620--629},
title = {{Discussion of: The option market’s anticipation of information content in earnings announcements}},
url = {http://www.springerlink.com/index/10.1007/s11142-011-9145-8},
volume = {16},
year = {2011}
}
@article{Venezia2012,
author = {Venezia, Itzhak},
doi = {10.1007/s11142-012-9198-3},
file = {:C$\backslash$:/Users/penarome/AppData/Local/Mendeley Ltd./Mendeley Desktop/Downloaded/Venezia - 2012 - Discussion of “Value investing in credit markets”.pdf:pdf},
issn = {1380-6653},
journal = {Review of Accounting Studies},
month = jul,
number = {3},
pages = {610--611},
title = {{Discussion of “Value investing in credit markets”}},
url = {http://www.springerlink.com/index/10.1007/s11142-012-9198-3},
volume = {17},
year = {2012}
}
@article{Zhang2011,
author = {Zhang, Xiao-Jun},
doi = {10.1007/s11142-011-9170-7},
file = {:C$\backslash$:/Users/penarome/AppData/Local/Mendeley Ltd./Mendeley Desktop/Downloaded/Zhang - 2012 - Information relevance, reliability and disclosure.pdf:pdf},
issn = {1380-6653},
journal = {Review of Accounting Studies},
keywords = {disclosure,mandatory reporting \'{a} voluntary,reliability \'{a} relevance \'{a}},
month = nov,
number = {1},
pages = {189--226},
title = {{Information relevance, reliability and disclosure}},
url = {http://www.springerlink.com/index/10.1007/s11142-011-9170-7},
volume = {17},
year = {2011}
}
@article{Bradshaw2011,
author = {Bradshaw, Mark T.},
doi = {10.1007/s11142-011-9144-9},
file = {:C$\backslash$:/Users/penarome/AppData/Local/Mendeley Ltd./Mendeley Desktop/Downloaded/Bradshaw - 2011 - A discussion of “Do managers use earnings guidance to influence street earnings exclusions”.pdf:pdf},
isbn = {1114201191449},
issn = {1380-6653},
journal = {Review of Accounting Studies},
keywords = {analyst forecasts,guidance \'{a} special items,pro forma guidance \'{a},street earnings \'{a} earnings,\'{a}},
month = may,
number = {3},
pages = {528--538},
title = {{A discussion of “Do managers use earnings guidance to influence street earnings exclusions?”}},
url = {http://www.springerlink.com/index/10.1007/s11142-011-9144-9},
volume = {16},
year = {2011}
}
@article{Livnat2012,
author = {Livnat, Joshua and Zhang, Yuan},
doi = {10.1007/s11142-012-9193-8},
file = {:C$\backslash$:/Users/penarome/AppData/Local/Mendeley Ltd./Mendeley Desktop/Downloaded/Livnat, Zhang - 2012 - Information interpretation or information discovery which role of analysts do investors value more.pdf:pdf},
issn = {1380-6653},
journal = {Review of Accounting Studies},
keywords = {analyst forecast \'{a} information,processing \'{a} information discovery},
month = jun,
number = {3},
pages = {612--641},
title = {{Information interpretation or information discovery: which role of analysts do investors value more?}},
url = {http://www.springerlink.com/index/10.1007/s11142-012-9193-8},
volume = {17},
year = {2012}
}
@article{Beaver2011,
author = {Beaver, William H. and Landsman, Wayne R. and Owens, Edward L.},
doi = {10.1007/s11142-011-9174-3},
file = {:C$\backslash$:/Users/penarome/AppData/Local/Mendeley Ltd./Mendeley Desktop/Downloaded/Beaver, Landsman, Owens - 2011 - Asymmetry in earnings timeliness and persistence a simultaneous equations approach.pdf:pdf},
issn = {1380-6653},
journal = {Review of Accounting Studies},
keywords = {asymmetric timeliness \'{a} asymmetric,conservatism,earnings-return relation \'{a} accounting,persistence \'{a} simultaneity \'{a}},
month = nov,
title = {{Asymmetry in earnings timeliness and persistence: a simultaneous equations approach}},
url = {http://www.springerlink.com/index/10.1007/s11142-011-9174-3},
year = {2011}
}
@article{Nekrasov2011,
author = {Nekrasov, Alexander and Ogneva, Maria},
doi = {10.1007/s11142-011-9159-2},
file = {:C$\backslash$:/Users/penarome/AppData/Local/Mendeley Ltd./Mendeley Desktop/Downloaded/Nekrasov, Ogneva - 2011 - Using earnings forecasts to simultaneously estimate firm-specific cost of equity and long-term growth.pdf:pdf},
issn = {1380-6653},
journal = {Review of Accounting Studies},
keywords = {cost of equity \'{a},earnings growth \'{a},expected return \'{a} expected,residual income model},
month = jun,
number = {3},
pages = {414--457},
title = {{Using earnings forecasts to simultaneously estimate firm-specific cost of equity and long-term growth}},
url = {http://www.springerlink.com/index/10.1007/s11142-011-9159-2},
volume = {16},
year = {2011}
}
@article{Ramanna2012,
author = {Ramanna, Karthik and Watts, Ross L.},
doi = {10.1007/s11142-012-9188-5},
file = {:C$\backslash$:/Users/penarome/AppData/Local/Mendeley Ltd./Mendeley Desktop/Downloaded/Ramanna, Watts - 2012 - Evidence on the use of unverifiable estimates in required goodwill impairment.pdf:pdf},
issn = {1380-6653},
journal = {Review of Accounting Studies},
keywords = {agency theory \'{a} goodwill,impairment \'{a} fair-value accounting,\'{a}},
month = may,
title = {{Evidence on the use of unverifiable estimates in required goodwill impairment}},
url = {http://www.springerlink.com/index/10.1007/s11142-012-9188-5},
year = {2012}
}
