Automatically generated by Mendeley Desktop 1.13.8
Any changes to this file will be lost if it is regenerated by Mendeley.

BibTeX export options can be customized via Options -> BibTeX in Mendeley Desktop

@article{Beatty2012a,
author = {Beatty, Anne and Liao, Scott and Weber, Joseph},
doi = {10.1016/j.jacceco.2011.12.002},
file = {:C$\backslash$:/Users/penarome/AppData/Local/Mendeley Ltd./Mendeley Desktop/Downloaded/Beatty, Liao, Weber - 2012 - Evidence on the determinants and economic consequences of delegated monitoring.pdf:pdf},
issn = {01654101},
journal = {Journal of Accounting and Economics},
keywords = {Accounting quality,Contracting,Covenants,Debt,Monitoring},
month = jun,
number = {3},
pages = {555--576},
publisher = {Elsevier},
title = {{Evidence on the determinants and economic consequences of delegated monitoring}},
url = {http://linkinghub.elsevier.com/retrieve/pii/S0165410111000978},
volume = {53},
year = {2012}
}
@article{Beatty2010,
author = {Beatty, Anne and {Scott Liao}, W. and Weber, Joseph},
doi = {10.1111/j.1911-3846.2010.01000.x},
file = {:C$\backslash$:/Users/penarome/AppData/Local/Mendeley Ltd./Mendeley Desktop/Downloaded/Beatty, Scott Liao, Weber - 2010 - The Effect of Private Information and Monitoring on the Role of Accounting Quality in Investment Deci.pdf:pdf},
issn = {08239150},
journal = {Contemporary Accounting Research},
month = mar,
number = {1},
pages = {17--47},
title = {{The Effect of Private Information and Monitoring on the Role of Accounting Quality in Investment Decisions*}},
url = {http://doi.wiley.com/10.1111/j.1911-3846.2010.01000.x},
volume = {27},
year = {2010}
}
@article{Ahmed2002,
author = {Ahmed, Anwer S and Billings, Bruce K and Morton, Richard M and Stanford-harris, Mary and Stanford-hars, Mary},
file = {:C$\backslash$:/Users/penarome/AppData/Local/Mendeley Ltd./Mendeley Desktop/Downloaded/Ahmed et al. - 2002 - The Role of Accounting Mitigating and in Conservatism in over Conflicts Bondholder-Sharehol Dividend Policy Reduci.pdf:pdf},
journal = {The Accounting Review},
number = {4},
pages = {867--890},
title = {{The Role of Accounting Mitigating and in Conservatism in over Conflicts Bondholder-Sharehol Dividend Policy Reducing Debt Costs}},
volume = {77},
year = {2002}
}
@article{Ball2008,
author = {Ball, Ray and Robin, Ashok and Sadka, Gil},
doi = {10.1007/s11142-007-9064-x},
file = {:C$\backslash$:/Users/penarome/AppData/Local/Mendeley Ltd./Mendeley Desktop/Downloaded/Ball, Robin, Sadka - 2008 - Is financial reporting shaped by equity markets or by debt markets An international study of timeliness and.pdf:pdf},
issn = {1380-6653},
journal = {Review of Accounting Studies},
keywords = {conservatism \'{a},reporting quality \'{a} association,studies \'{a} debt \'{a},timeliness \'{a} international},
month = jan,
number = {2-3},
pages = {168--205},
title = {{Is financial reporting shaped by equity markets or by debt markets? An international study of timeliness and conservatism}},
url = {http://www.springerlink.com/index/10.1007/s11142-007-9064-x},
volume = {13},
year = {2008}
}
@article{Nikolaev2010,
annote = {Covenants are able to constrain managerial opportunism but only if the accouting information recognizes losses in earnings in a timely manner. TLR increases with the dependence of contracts on covenants. COV and ATLR are complements rather than substitutes.},
author = {Nikolaev, Valeri V.},
file = {:C$\backslash$:/Users/penarome/AppData/Local/Mendeley Ltd./Mendeley Desktop/Downloaded/Nikolaev - 2010 - Debt Covenants and Accounting Conservatism.pdf:pdf},
issn = {00218456},
journal = {Journal of Accounting Research},
month = mar,
number = {1},
pages = {51--89},
title = {{Debt Covenants and Accounting Conservatism}},
volume = {48},
year = {2010}
}
@article{Zhang2008,
author = {Zhang, Jieying},
file = {:C$\backslash$:/Users/penarome/AppData/Local/Mendeley Ltd./Mendeley Desktop/Downloaded/Zhang - 2008 - The contracting benefits of accounting conservatism to lenders and borrowers.pdf:pdf},
issn = {01654101},
journal = {Journal of Accounting and Economics},
month = mar,
number = {1},
pages = {27--54},
title = {{The contracting benefits of accounting conservatism to lenders and borrowers}},
volume = {45},
year = {2008}
}
@article{Wittenberg-Moerman2008,
author = {Wittenberg-Moerman, Regina},
file = {:C$\backslash$:/Users/penarome/AppData/Local/Mendeley Ltd./Mendeley Desktop/Downloaded/Wittenberg-Moerman - 2008 - The role of information asymmetry and financial reporting quality in debt trading Evidence from the secondar.pdf:pdf},
issn = {01654101},
journal = {Journal of Accounting and Economics},
keywords = {information asymmetry,secondary loan trading,timely loss recognition},
month = dec,
number = {2-3},
pages = {240--260},
title = {{The role of information asymmetry and financial reporting quality in debt trading: Evidence from the secondary loan market}},
volume = {46},
year = {2008}
}
@article{Gox2009,
author = {G\"{o}x, Robert F. and Wagenhofer, Alfred},
file = {:C$\backslash$:/Users/penarome/AppData/Local/Mendeley Ltd./Mendeley Desktop/Downloaded/G\"{o}x, Wagenhofer - 2009 - Optimal impairment rules.pdf:pdf},
issn = {01654101},
journal = {Journal of Accounting and Economics},
month = oct,
number = {1},
pages = {2--16},
title = {{Optimal impairment rules}},
volume = {48},
year = {2009}
}
@article{Armstrong2012a,
author = {Armstrong, Christopher S. and Balakrishnan, Karthik and Cohen, Daniel},
doi = {10.1016/j.jacceco.2011.06.005},
file = {:C$\backslash$:/Users/penarome/AppData/Local/Mendeley Ltd./Mendeley Desktop/Downloaded/Armstrong, Balakrishnan, Cohen - 2012 - Corporate governance and the information environment Evidence from state antitakeover laws.pdf:pdf},
issn = {01654101},
journal = {Journal of Accounting and Economics},
keywords = {Antitakeover laws,Corporate governance,Financial reporting quality,Information asymmetry},
month = feb,
number = {1-2},
pages = {185--204},
publisher = {Elsevier},
title = {{Corporate governance and the information environment: Evidence from state antitakeover laws}},
url = {http://linkinghub.elsevier.com/retrieve/pii/S0165410111000528},
volume = {53},
year = {2012}
}
@article{Shroff2013,
author = {Shroff, Pervin K. and Venkataraman, Ramgopal and Zhang, Suning},
doi = {10.1111/j.1911-3846.2011.01151.x},
file = {:C$\backslash$:/Users/penarome/AppData/Local/Mendeley Ltd./Mendeley Desktop/Downloaded/Shroff, Venkataraman, Zhang - 2013 - The Conservatism Principle and the Asymmetric Timeliness of Earnings An Event-Based Approach.pdf:pdf},
issn = {08239150},
journal = {Contemporary Accounting Research},
month = mar,
number = {1},
pages = {215--241},
title = {{The Conservatism Principle and the Asymmetric Timeliness of Earnings: An Event-Based Approach*}},
url = {http://doi.wiley.com/10.1111/j.1911-3846.2011.01151.x},
volume = {30},
year = {2013}
}
@article{Petersen2008,
author = {Petersen, M. a.},
file = {:C$\backslash$:/Users/penarome/AppData/Local/Mendeley Ltd./Mendeley Desktop/Downloaded/Petersen - 2008 - Estimating Standard Errors in Finance Panel Data Sets Comparing Approaches.pdf:pdf},
issn = {0893-9454},
journal = {Review of Financial Studies},
month = apr,
number = {1},
pages = {435--480},
title = {{Estimating Standard Errors in Finance Panel Data Sets: Comparing Approaches}},
volume = {22},
year = {2008}
}
@article{Benmelech2012,
author = {Benmelech, Efraim and Dlugosz, Jennifer and Ivashina, Victoria},
doi = {10.1016/j.jfineco.2012.05.006},
file = {:C$\backslash$:/Users/penarome/AppData/Local/Mendeley Ltd./Mendeley Desktop/Downloaded/Benmelech, Dlugosz, Ivashina - 2012 - Securitization without adverse selection The case of CLOs.pdf:pdf},
issn = {0304405X},
journal = {Journal of Financial Economics},
keywords = {CDOs,Collateralized loan obligations (CLOs),Structured finance,Syndicated loans},
month = may,
pages = {1--23},
publisher = {Elsevier},
title = {{Securitization without adverse selection: The case of CLOs}},
url = {http://linkinghub.elsevier.com/retrieve/pii/S0304405X12000773},
year = {2012}
}
