Automatically generated by Mendeley Desktop 1.13.8
Any changes to this file will be lost if it is regenerated by Mendeley.

BibTeX export options can be customized via Options -> BibTeX in Mendeley Desktop

@article{Cohen2010a,
address = {Cambridge, MA},
author = {Cohen, Lauren and Malloy, Christopher},
doi = {10.3386/w16437},
file = {:C$\backslash$:/Users/penarome/AppData/Local/Mendeley Ltd./Mendeley Desktop/Downloaded/Cohen, Malloy - 2010 - Friends in High Places.pdf:pdf},
institution = {National Bureau of Economic Research},
month = oct,
title = {{Friends in High Places}},
url = {http://www.nber.org/papers/w16437.pdf},
year = {2010}
}
@article{Larcker2013a,
author = {Larcker, David F. and So, Eric C. and Wang, Charles C.Y.},
doi = {10.1016/j.jacceco.2013.01.006},
file = {:C$\backslash$:/Users/penarome/AppData/Local/Mendeley Ltd./Mendeley Desktop/Downloaded/Larcker, So, Wang - 2013 - Boardroom centrality and firm performance(2).pdf:pdf},
issn = {01654101},
journal = {Journal of Accounting and Economics},
keywords = {Analyst forecasts,Board of director networks,Market efficiency,board of director networks},
month = apr,
number = {2-3},
pages = {225--250},
publisher = {Elsevier},
title = {{Boardroom centrality and firm performance}},
url = {http://linkinghub.elsevier.com/retrieve/pii/S0165410113000141},
volume = {55},
year = {2013}
}
