Automatically generated by Mendeley Desktop 1.13.8
Any changes to this file will be lost if it is regenerated by Mendeley.

BibTeX export options can be customized via Options -> BibTeX in Mendeley Desktop

@article{Armstrong2010a,
author = {Armstrong, Christopher S. and Barth, Mary E. and Jagolinzer, Alan D. and Riedl, Edward J.},
doi = {10.2308/accr.2010.85.1.31},
file = {:C$\backslash$:/Users/penarome/AppData/Local/Mendeley Ltd./Mendeley Desktop/Downloaded/Armstrong et al. - 2010 - Market Reaction to the Adoption of IFRS in Europe.pdf:pdf},
issn = {0001-4826},
journal = {The Accounting Review},
keywords = {all data are publicly,available from sources indicated,convergence,craig chapman,data availability,europe,g15,g38,gilbert ge,ias 39,ifrs,in the text,jel classifications,m41,tony cope,we thank robert bushman},
month = jan,
number = {1},
pages = {31--61},
title = {{Market Reaction to the Adoption of IFRS in Europe}},
url = {http://aaajournals.org/doi/abs/10.2308/accr.2010.85.1.31},
volume = {85},
year = {2010}
}
@article{Ball2013,
author = {Ball, Ray and Kothari, S. P. and Nikolaev, Valeri V.},
file = {:C$\backslash$:/Users/penarome/AppData/Local/Mendeley Ltd./Mendeley Desktop/Downloaded/Ball, Kothari, Nikolaev - 2013 - On Estimating Conditional Conservatism.pdf:pdf},
issn = {0001-4826},
journal = {The Accounting Review},
keywords = {anomalies,asymmetric timeliness,conditional conservatism,data are publicly available,data availability,from sources identified in,the article},
month = may,
number = {3},
pages = {755--787},
title = {{On Estimating Conditional Conservatism}},
volume = {88},
year = {2013}
}
@article{Collins2012,
author = {Collins, Daniel W. and Hribar, Paul and Tian, Xiaoli (Shaolee)},
file = {:C$\backslash$:/Users/penarome/AppData/Local/Mendeley Ltd./Mendeley Desktop/Downloaded/Collins, Hribar, Tian - 2012 - Cross Sectional Variation in Cash Flow Asymmetric Timeliness and Its Effect on the Earnings-Based Measure.pdf:pdf},
issn = {1556-5068},
journal = {Working paper},
pages = {1--62},
series = {Working paper},
title = {{Cross Sectional Variation in Cash Flow Asymmetric Timeliness and Its Effect on the Earnings-Based Measure of Conditional Conservatism}},
year = {2012}
}
@article{Lara2006,
author = {Lara, Juan Manuel Garc\'{\i}a and Osma, Beatriz Garc\'{\i}a and Noguer, Bel\'{e}n Gill De Albornoz},
doi = {10.1111/j.1467-6281.2006.00209.x},
file = {:C$\backslash$:/Users/penarome/AppData/Local/Mendeley Ltd./Mendeley Desktop/Downloaded/Lara, Osma, Noguer - 2006 - Effects of database choice on international accounting research.pdf:pdf},
issn = {0001-3072},
journal = {Abacus},
keywords = {accounting,database comparability,databases that,increased substantially in the,interest has coincided with,international accounting research has,international empirical research,last decade,offer comprehensive coverage of,since the early 1990s,the appearance of several,this growth in research},
month = sep,
number = {3-4},
pages = {426--454},
title = {{Effects of database choice on international accounting research}},
url = {http://doi.wiley.com/10.1111/j.1467-6281.2006.00209.x},
volume = {42},
year = {2006}
}
@article{Barth2008,
author = {Barth, Mary E. and Hodder, Leslie D. and Stubben, Stephen R.},
doi = {10.2308/accr.2008.83.3.629},
file = {:C$\backslash$:/Users/penarome/AppData/Local/Mendeley Ltd./Mendeley Desktop/Downloaded/Barth, Hodder, Stubben - 2008 - Fair Value Accounting for Liabilities and Own Credit Risk.pdf:pdf},
issn = {0001-4826},
journal = {The Accounting Review},
keywords = {and two anonymous reviewers,credit risk,dan dhaliwal,data are available from,data availability,debt,fair value accounting,for interna-,from helpful discussions with,income recognition,jim wahlen,participants at the bank,public sources indicated in,ryan,sergey lobanov,stephen,stephen cooper,the text,this paper has benefited,we also thank workshop},
month = may,
number = {3},
pages = {629--664},
title = {{Fair Value Accounting for Liabilities and Own Credit Risk}},
url = {http://aaajournals.org/doi/abs/10.2308/accr.2008.83.3.629},
volume = {83},
year = {2008}
}
@article{Daske2008,
author = {Daske, Holger and Hail, Luzi and Leuz, Christian and Verdi, Rodrigo},
doi = {10.1111/j.1475-679X.2008.00306.x},
file = {:C$\backslash$:/Users/penarome/AppData/Local/Mendeley Ltd./Mendeley Desktop/Downloaded/Daske et al. - 2008 - Mandatory IFRS Reporting around the World Early Evidence on the Economic Consequences.pdf:pdf},
issn = {00218456},
journal = {Journal of Accounting Research},
month = oct,
number = {5},
title = {{Mandatory IFRS Reporting around the World: Early Evidence on the Economic Consequences}},
url = {http://doi.wiley.com/10.1111/j.1475-679X.2008.00306.x},
volume = {46},
year = {2008}
}
@article{Watts2013a,
author = {Watts, Ross L and Zimmerman, Jerold L and Holthausen, Robert W and Core, John E and Hanlon, Michelle},
doi = {10.1016/S0165-4101(13)00004-9},
file = {:C$\backslash$:/Users/penarome/AppData/Local/Mendeley Ltd./Mendeley Desktop/Downloaded/Watts et al. - 2013 - Editorial Board(2).pdf:pdf},
issn = {01654101},
journal = {Journal of Accounting and Economics},
month = feb,
number = {1},
pages = {IFC},
title = {{Editorial Board}},
url = {http://linkinghub.elsevier.com/retrieve/pii/S0165410113000049},
volume = {55},
year = {2013}
}
@article{Francis2010,
author = {Francis, Jere R. and Martin, Xiumin},
doi = {10.1016/j.jacceco.2009.09.003},
file = {:C$\backslash$:/Users/penarome/AppData/Local/Mendeley Ltd./Mendeley Desktop/Downloaded/Francis, Martin - 2010 - Acquisition profitability and timely loss recognition.pdf:pdf},
issn = {01654101},
journal = {Journal of Accounting and Economics},
keywords = {Accounting conservatism,Acquisitions,Agency costs,Corporate governance,Divestitures,timely loss recognition},
month = feb,
number = {1-2},
pages = {161--178},
publisher = {Elsevier},
title = {{Acquisition profitability and timely loss recognition}},
url = {http://linkinghub.elsevier.com/retrieve/pii/S0165410109000482},
volume = {49},
year = {2010}
}
@article{Bruggemann2013,
author = {Br\"{u}ggemann, Ulf and Hitz, J\"{o}rg-Markus and Sellhorn, Thorsten},
doi = {10.1080/09638180.2012.718487},
file = {:C$\backslash$:/Users/penarome/AppData/Local/Mendeley Ltd./Mendeley Desktop/Downloaded/Br\"{u}ggemann, Hitz, Sellhorn - 2013 - Intended and Unintended Consequences of Mandatory IFRS Adoption A Review of Extant Evidence and Sugg.pdf:pdf},
issn = {0963-8180},
journal = {European Accounting Review},
month = may,
number = {1},
pages = {1--37},
title = {{Intended and Unintended Consequences of Mandatory IFRS Adoption: A Review of Extant Evidence and Suggestions for Future Research}},
url = {http://www.tandfonline.com/doi/abs/10.1080/09638180.2012.718487},
volume = {22},
year = {2013}
}
@article{Nikolaev2010,
annote = {Covenants are able to constrain managerial opportunism but only if the accouting information recognizes losses in earnings in a timely manner. TLR increases with the dependence of contracts on covenants. COV and ATLR are complements rather than substitutes.},
author = {Nikolaev, Valeri V.},
file = {:C$\backslash$:/Users/penarome/AppData/Local/Mendeley Ltd./Mendeley Desktop/Downloaded/Nikolaev - 2010 - Debt Covenants and Accounting Conservatism.pdf:pdf},
issn = {00218456},
journal = {Journal of Accounting Research},
month = mar,
number = {1},
pages = {51--89},
title = {{Debt Covenants and Accounting Conservatism}},
volume = {48},
year = {2010}
}
@article{Bonetti2013,
author = {Bonetti, Pietro and Parbonetti, Antonio and Magnan, Michel},
doi = {10.2139/ssrn.2212200},
file = {:C$\backslash$:/Users/penarome/AppData/Local/Mendeley Ltd./Mendeley Desktop/Downloaded/Bonetti, Parbonetti, Magnan - 2013 - The Influence of Country- and Firm-Level Governance on Financial Reporting Quality Revisiting the E.pdf:pdf},
issn = {1556-5068},
journal = {SSRN Electronic Journal},
keywords = {corporate governance,financial reporting quality,ifrs,legal enforcement},
pages = {1--58},
title = {{The Influence of Country- and Firm-Level Governance on Financial Reporting Quality: Revisiting the Evidence}},
url = {http://www.ssrn.com/abstract=2212200},
year = {2013}
}
@article{Gow2010,
author = {Gow, Ian D. and Ormazabal, Gaizka and Taylor, Daniel J.},
doi = {10.2308/accr.2010.85.2.483},
file = {:C$\backslash$:/Users/penarome/AppData/Local/Mendeley Ltd./Mendeley Desktop/Downloaded/Gow, Ormazabal, Taylor - 2010 - Correcting for Cross窶心ectional and Time窶心eries Dependence in Accounting Research.pdf:pdf},
issn = {0001-4826},
journal = {The Accounting Review},
keywords = {autocorrelation,c12,c15,c23,cluster-robust standard errors,conservatism,credit ratings,cross-sectional dependence,fama-macbeth,implied cost,jel classification,m41,newey-west,of capital,time-series dependence},
month = mar,
number = {2},
pages = {483--512},
title = {{Correcting for Cross窶心ectional and Time窶心eries Dependence in Accounting Research}},
url = {http://aaajournals.org/doi/abs/10.2308/accr.2010.85.2.483},
volume = {85},
year = {2010}
}
@article{Cheng2013,
author = {Cheng, Mei and Dhaliwal, Dan and Zhang, Yuan},
doi = {10.1016/j.jacceco.2013.03.001},
file = {:C$\backslash$:/Users/penarome/AppData/Local/Mendeley Ltd./Mendeley Desktop/Downloaded/Cheng, Dhaliwal, Zhang - 2013 - Does investment efficiency improve after the disclosure of material weaknesses in internal control over.pdf:pdf},
issn = {01654101},
journal = {Journal of Accounting and Economics},
keywords = {Disclosure,Effectiveness of internal control over financial r,Investment efficiency,effectiveness of internal control,over},
month = jul,
number = {1},
pages = {1--18},
publisher = {Elsevier},
title = {{Does investment efficiency improve after the disclosure of material weaknesses in internal control over financial reporting?}},
url = {http://linkinghub.elsevier.com/retrieve/pii/S0165410113000165},
volume = {56},
year = {2013}
}
@article{Petersen2008a,
author = {Petersen, M. a.},
doi = {10.1093/rfs/hhn053},
file = {:C$\backslash$:/Users/penarome/AppData/Local/Mendeley Ltd./Mendeley Desktop/Downloaded/Petersen - 2008 - Estimating Standard Errors in Finance Panel Data Sets Comparing Approaches(2).pdf:pdf},
issn = {0893-9454},
journal = {Review of Financial Studies},
month = apr,
number = {1},
pages = {435--480},
title = {{Estimating Standard Errors in Finance Panel Data Sets: Comparing Approaches}},
url = {http://rfs.oxfordjournals.org/cgi/doi/10.1093/rfs/hhn053},
volume = {22},
year = {2008}
}
@article{Collins2013,
author = {Collins, Daniel W. and Hribar, Paul and Tian, Xiaoli (Shaolee)},
file = {:C$\backslash$:/Users/penarome/AppData/Local/Mendeley Ltd./Mendeley Desktop/Downloaded/Collins, Hribar, Tian - 2013 - A Competing Explanation for Sources of Bias in Earnings-Based Measures of Conditional Conservatism.pdf:pdf},
journal = {Working paper},
series = {Working paper},
title = {{A Competing Explanation for Sources of Bias in Earnings-Based Measures of Conditional Conservatism}},
year = {2013}
}
@article{Watts2003c,
author = {Watts, Ross L.},
file = {:C$\backslash$:/Users/penarome/AppData/Local/Mendeley Ltd./Mendeley Desktop/Downloaded/Watts - 2003 - Conservatism in Accounting Part I Explanations and Implications.pdf:pdf},
issn = {0888-7993},
journal = {Accounting Horizons},
month = sep,
number = {3},
pages = {207--221},
title = {{Conservatism in Accounting Part I: Explanations and Implications}},
volume = {17},
year = {2003}
}
@article{Watts2003,
author = {Watts, Ross L.},
file = {:C$\backslash$:/Users/penarome/AppData/Local/Mendeley Ltd./Mendeley Desktop/Downloaded/Watts - 2003 - Conservatism in Accounting Part II Evidence and Research Opportunities.pdf:pdf},
issn = {0888-7993},
journal = {Accounting Horizons},
month = dec,
number = {4},
pages = {287--301},
title = {{Conservatism in Accounting Part II: Evidence and Research Opportunities}},
volume = {17},
year = {2003}
}
@article{Barth2008a,
author = {Barth, Mary E. and Landsman, Wayne R. and Lang, Mark H.},
doi = {10.1111/j.1475-679X.2008.00287.x},
file = {:C$\backslash$:/Users/penarome/AppData/Local/Mendeley Ltd./Mendeley Desktop/Downloaded/Barth, Landsman, Lang - 2008 - International Accounting Standards and Accounting Quality(2).pdf:pdf},
issn = {0021-8456},
journal = {Journal of Accounting Research},
month = jun,
number = {3},
pages = {467--498},
title = {{International Accounting Standards and Accounting Quality}},
url = {http://doi.wiley.com/10.1111/j.1475-679X.2008.00287.x},
volume = {46},
year = {2008}
}
@article{DeFranco2011,
author = {{De Franco}, Gus and Kothari, S.P. and Verdi, Rodrigo S.},
doi = {10.1111/j.1475-679X.2011.00415.x},
file = {:C$\backslash$:/Users/penarome/AppData/Local/Mendeley Ltd./Mendeley Desktop/Downloaded/De Franco, Kothari, Verdi - 2011 - The Benefits of Financial Statement Comparability.pdf:pdf},
issn = {00218456},
journal = {Journal of Accounting Research},
month = sep,
number = {4},
pages = {895--931},
title = {{The Benefits of Financial Statement Comparability}},
url = {http://doi.wiley.com/10.1111/j.1475-679X.2011.00415.x},
volume = {49},
year = {2011}
}
@article{Kachelmeier1989,
author = {Kachelmeier, Steven J},
doi = {10.1111/j.1752-0606.1989.tb00829.x},
file = {:C$\backslash$:/Users/penarome/AppData/Local/Mendeley Ltd./Mendeley Desktop/Downloaded/Kachelmeier - 1989 - Reviewing the review process.pdf:pdf},
issn = {0194-472X},
journal = {Journal of marital and family therapy},
month = oct,
number = {4},
pages = {425--6},
pmid = {21118471},
title = {{"Reviewing the review process".}},
url = {http://www.pubmedcentral.nih.gov/articlerender.fcgi?artid=3413928\&tool=pmcentrez\&rendertype=abstract},
volume = {15},
year = {1989}
}
@article{Lennox2012,
author = {Lennox, Clive S. and Francis, Jere R. and Wang, Zitian},
doi = {10.2308/accr-10195},
file = {:C$\backslash$:/Users/penarome/AppData/Local/Mendeley Ltd./Mendeley Desktop/Downloaded/Lennox, Francis, Wang - 2012 - Selection Models in Accounting Research.pdf:pdf},
issn = {0001-4826},
journal = {The Accounting Review},
keywords = {endogeneity,heckman,selection bias,selection model,treatment effect},
month = mar,
number = {2},
pages = {589--616},
title = {{Selection Models in Accounting Research}},
url = {http://aaajournals.org/doi/abs/10.2308/accr-10195},
volume = {87},
year = {2012}
}
@article{Riedl2011,
author = {Riedl, Edward J. and Serafeim, George},
doi = {10.1111/j.1475-679X.2011.00408.x},
file = {:C$\backslash$:/Users/penarome/AppData/Local/Mendeley Ltd./Mendeley Desktop/Downloaded/Riedl, Serafeim - 2011 - Information Risk and Fair Values An Examination of Equity Betas.pdf:pdf},
issn = {00218456},
journal = {Journal of Accounting Research},
month = sep,
number = {4},
pages = {1083--1122},
title = {{Information Risk and Fair Values: An Examination of Equity Betas}},
url = {http://doi.wiley.com/10.1111/j.1475-679X.2011.00408.x},
volume = {49},
year = {2011}
}
@article{Patatoukas2011,
author = {Patatoukas, Panos N and Thomas, Jacob K},
file = {:C$\backslash$:/Users/penarome/AppData/Local/Mendeley Ltd./Mendeley Desktop/Downloaded/Patatoukas, Thomas - 2011 - More Evidence of Bias in the Differential Timeliness Measure of Conditional Conservatism.pdf:pdf},
issn = {0001-4826},
journal = {The Accounting Review},
keywords = {conservatism,data are publicly available,data availability,differential timeliness,from sources identified in,losses,scaling by share price,the article},
month = sep,
number = {5},
pages = {1765--1793},
title = {{More Evidence of Bias in the Differential Timeliness Measure of Conditional Conservatism}},
volume = {86},
year = {2011}
}
