Automatically generated by Mendeley Desktop 1.13.8
Any changes to this file will be lost if it is regenerated by Mendeley.

BibTeX export options can be customized via Options -> BibTeX in Mendeley Desktop

@article{Ball2013,
author = {Ball, Ray and Kothari, S. P. and Nikolaev, Valeri V.},
file = {:C$\backslash$:/Users/penarome/AppData/Local/Mendeley Ltd./Mendeley Desktop/Downloaded/Ball, Kothari, Nikolaev - 2013 - On Estimating Conditional Conservatism.pdf:pdf},
issn = {0001-4826},
journal = {The Accounting Review},
keywords = {anomalies,asymmetric timeliness,conditional conservatism,data are publicly available,data availability,from sources identified in,the article},
month = may,
number = {3},
pages = {755--787},
title = {{On Estimating Conditional Conservatism}},
volume = {88},
year = {2013}
}
@article{Patatoukas2011,
author = {Patatoukas, Panos N and Thomas, Jacob K},
file = {:C$\backslash$:/Users/penarome/AppData/Local/Mendeley Ltd./Mendeley Desktop/Downloaded/Patatoukas, Thomas - 2011 - More Evidence of Bias in the Differential Timeliness Measure of Conditional Conservatism.pdf:pdf},
issn = {0001-4826},
journal = {The Accounting Review},
keywords = {conservatism,data are publicly available,data availability,differential timeliness,from sources identified in,losses,scaling by share price,the article},
month = sep,
number = {5},
pages = {1765--1793},
title = {{More Evidence of Bias in the Differential Timeliness Measure of Conditional Conservatism}},
volume = {86},
year = {2011}
}
