Automatically generated by Mendeley Desktop 1.13.8
Any changes to this file will be lost if it is regenerated by Mendeley.

BibTeX export options can be customized via Options -> BibTeX in Mendeley Desktop

@article{Nikolaev2010,
annote = {Covenants are able to constrain managerial opportunism but only if the accouting information recognizes losses in earnings in a timely manner. TLR increases with the dependence of contracts on covenants. COV and ATLR are complements rather than substitutes.},
author = {Nikolaev, Valeri V.},
file = {:C$\backslash$:/Users/penarome/AppData/Local/Mendeley Ltd./Mendeley Desktop/Downloaded/Nikolaev - 2010 - Debt Covenants and Accounting Conservatism.pdf:pdf},
issn = {00218456},
journal = {Journal of Accounting Research},
month = mar,
number = {1},
pages = {51--89},
title = {{Debt Covenants and Accounting Conservatism}},
volume = {48},
year = {2010}
}
